3472 5392
937 445 978 510 5⁶2

351 626 536 709 Sequuntur
565 623 712 687 undecim
742 625 823 689 llaec
855 626 1015 705 carmina,
1046 646 1184 706 utrorum
1211 627 1320 692 titulos
1347 632 1477 693 tentum
1511 651 1554 695 ex
1583 632 1696 695 ordine

228 736 437 800 transferam:
1696 740 1699 745 '

355 866 402 929 De
432 866 544 946 lsidiae
573 865 701 944 rmrigio
730 863 793 945 [rel
822 864 936 946 Isidis}
979 866 1032 928 De
1061 866 1256 929 Lauacro.
1301 867 1354 930 De
1375 867 1612 932 Vinalibus.
1650 870 1695 932 De

228 973 379 1055 Cythera.
424 973 469 1036 Dc
491 973 599 1036 Cerco
643 972 689 1034 De
712 972 829 1052 aquila.
872 972 919 1035 De
940 972 1042 1035 Marte
1064 970 1128 1052 [vel
1144 971 1211 1053 ad]
1253 973 1299 1036 De
1314 974 1444 1038 Baccho
1460 972 1529 1056 [vel
1544 977 1589 1040 ad
1604 976 1693 1058 Bae]

228 1082 275 1144 De
297 1080 557 1162 Hyppopotamo.
601 1079 654 1142 Ad
675 1079 862 1142 maximum.
906 1080 952 1142 De
972 1079 1093 1142 Dulcio.

348 1295 508 1360 CodiciX
540 1297 634 1376 igitur
657 1296 821 1360 Cluverius
847 1296 957 1359 debuit
986 1297 1067 1359 duas
1096 1295 1164 1359 illas
1186 1295 1423 1391 inscriptioneS,
1456 1317 1542 1378 quas
1568 1301 1692 1364 omissis

228 1403 286 1467 illis
306 1402 359 1468 Dc
382 1402 528 1466 Loriurio
552 1408 580 1467 ot
605 1403 654 1467 Ile
676 1402 888 1468 reinmarum
909 1403 941 1466 in
963 1403 1066 1466 lucem
1088 1403 1196 1466 edidit.

348 1535 395 1598 De
417 1535 509 1598 titulo
531 1539 640 1598 autem
657 1534 705 1599 De
720 1534 823 1598 Iridis
844 1535 972 1615 aaviyi'o
993 1535 1100 1597 verbis
1121 1535 1175 1598 vix
1196 1555 1277 1618 opus
1291 1538 1355 1613 est;
1378 1537 1590 1618 neglegenter
1607 1539 1691 1603 enim

226 1642 338 1721 legisse
360 1640 542 1705 Claverium
565 1642 620 1722 qui
640 1642 792 1705 scriberet
813 1641 928 1723 Ipidoc
951 1641 1016 1704 iam
1039 1641 1136 1722 plane
1161 1647 1306 1724 apparet.

350 1772 413 1835 Sed
432 1776 465 1835 ut
490 1791 555 1852 qua
579 1772 669 1835 l'uerit
695 1772 743 1833 illo
767 1771 930 1848 socordia,
962 1772 1100 1835 dilucide
1129 1773 1303 1854 intellegere,
1333 1792 1440 1856 pauca
1463 1775 1547 1838 haec
1569 1776 1689 1841 adfero.

226 1882 316 1942 tanta
338 1880 368 1941 in
392 1878 526 1955 legendo
549 1881 605 1941 aut
628 1879 659 1941 in
682 1879 851 1961 scribendo
874 1879 1035 1943 celeritate
1055 1900 1132 1943 usus
1154 1885 1217 1957 est,
1239 1884 1275 1944 ut
1294 1881 1447 1944 scriberet
1470 1881 1505 1943 in
1526 1884 1689 1963 poematia

226 1986 281 2062 ,De
307 1985 424 2065 aquila’
455 1988 612 2049 coloratus
641 2006 700 2066 pro
731 1984 897 2061 color-otis,
928 1986 1060 2050 iuvatur
1088 2006 1148 2068 pro
1177 1976 1348 2061 sinuatum
1377 1987 1410 2049 in
1438 1990 1607 2068 poematio
1638 1991 1691 2069 ,De

224 2091 362 2155 Bacclro'
385 2092 531 2157 eudemio
553 2097 582 2155 et
604 2092 707 2156 labris
728 2093 974 2174 provindentia
993 2093 1105 2158 lubrie.

348 2306 415 2369 lam
438 2305 577 2369 breviter
599 2307 872 2387 comprehendere
892 2307 971 2370 milri
992 2304 1102 2385 liceat,
1132 2327 1216 2388 quae
1246 2326 1285 2369 ex
1306 2307 1368 2370 hac
1387 2306 1534 2371 indicum
1557 2326 1690 2389 compa·

225 2412 358 2490 ratione,
382 2433 481 2494 quam
503 2414 706 2490 instituimus
731 2414 879 2477 concludi
900 2417 1043 2496 possunt.

347 2544 511 2608 Cluverius
532 2549 605 2626 post
630 2544 765 2607 indicem
789 2564 917 2620 eorum,
948 2564 1032 2626 quae
1054 2545 1214 2620 ediderat,
1243 2544 1423 2607 carminum
1450 2563 1491 2606 ex
1512 2544 1689 2625 lsengrinio
1718 2536 1721 2541 ’

224 2687 264 2694 -
293 2656 329 2714 ut
357 2671 455 2732 supra
485 2651 775 2715 dernenstravimus
806 2687 844 2694 -
874 2672 1059 2733 expressum
1088 2651 1223 2714 alionmr
1260 2650 1465 2732 quorundam
1495 2650 1689 2727 carminum,

224 2778 308 2838 qliae
330 2757 497 2821 Claudiani
520 2758 648 2820 nomine
669 2758 789 2821 tradita
812 2759 1003 2835 inveniebat,
1030 2758 1226 2821 mentionem
1248 2757 1307 2820 sibi
1328 2777 1396 2820 esse
1415 2756 1605 2820 faciendam
1626 2758 1689 2821 exi-

224 2864 385 2927 istimavit.
428 2884 493 2945 qua
516 2865 603 2927 inre
629 2864 783 2941 ordinem,
806 2884 902 2946 quem
921 2865 1035 2929 habuit
1056 2865 1152 2928 index
1173 2864 1290 2928 codicis
1312 2864 1586 2942 AmbrosianiM,
1616 2884 1690 2927 eum

223 2971 390 3034 retinuisse
412 2971 616 3033 cornmutatis
639 2970 697 3033 illis
716 2971 841 3033 (luobus
862 2971 910 3035 Ile
923 2971 1070 3036 Loencro
1091 2975 1123 3034 et
1143 2970 1193 3033 De
1210 2969 1380 3035 Virtutibus
1399 2970 1501 3033 titulis
1521 2971 1689 3049 videmus3

223 3078 352 3141 alterius
374 3078 459 3140 enim
476 3077 637 3140 codicisX
658 3077 803 3140 ordinem
825 3080 922 3159 plane
945 3078 1116 3142 aClaverii
1137 3077 1283 3157 catalogo
1299 3076 1483 3145 dissensisse
1502 3096 1542 3140 ex
1555 3077 1691 3141 Schedis

221 3203 305 3264 quae
334 3183 483 3246 dicuntur
511 3183 720 3247 Peirescianis
749 3185 826 3248 satis
855 3186 1015 3267 apparuit.
1059 3189 1095 3247 ut
1124 3188 1233 3248 autem
1260 3203 1399 3265 parvum
1430 3183 1520 3264 quod
1550 3185 1587 3248 in
1616 3184 1690 3249 folio

220 3289 393 3370 reliquerat
407 3290 547 3370 spatium
563 3291 712 3371 expleret,
736 3292 891 3355 nonnulla
900 3292 1064 3373 poematia
1076 3292 1172 3373 plena
1182 3290 1290 3368 edidit,
1314 3308 1453 3371 quorum
1462 3289 1691 3373 inscriptiones

223 3396 293 3459 ideo
313 3396 344 3459 in
368 3384 472 3459 indice
493 3417 551 3459 suo
574 3397 688 3459 omisit.

345 3527 489 3608 Denique
513 3527 600 3608 qued
623 3527 671 3589 Ile
694 3549 797 3611 rnerpo
819 3528 957 3605 titulum,
981 3548 1077 3609 quem
1099 3529 1199 3591 habet
1221 3528 1262 3605 M,
1287 3527 1375 3608 apud
1397 3525 1587 3590 Cluverium
1609 3528 1691 3591 desi-

223 3634 382 3709 deramus,
405 3633 463 3695 soli
485 3633 552 3696 eius
576 3635 717 3696 imuriae
737 3635 978 3698 attribuendum
1001 3655 1069 3697 esse
1087 3655 1183 3698 neruo
1207 3639 1254 3698 est
1274 3633 1351 3714 quin
1373 3632 1541 3697 concedat.
1621 3696 1624 3701 .

343 3850 454 3930 ltaque
486 3849 548 3911 hac
575 3850 643 3931 ipsa
674 3850 815 3913 imlicum
845 3851 1085 3932 comparatione
1127 3867 1193 3912 non
1222 3848 1354 3910 minime
1381 3846 1485 3908 fulciri
1515 3848 1619 3912 credo
1644 3869 1693 3921 ea,

222 3975 306 4037 quae
327 3956 389 4018 liae
411 3955 626 4036 disputatione
644 3956 896 4019 demonstranda
911 3958 990 4019 milri
1005 3974 1252 4038 proposueram:
1276 3952 1418 4015 codicem
1430 3950 1694 4038 Ambrosianum

221 4063 252 4124 M
275 4065 294 4125 9
317 4083 385 4143 sup.
409 4063 545 4153 alterum
567 4062 754 4144 fuisseque
776 4054 940 4126 Cluverius
962 4064 994 4125 in
1014 4063 1139 4126 edendo
1157 4060 1336 4129 Claudiano
1357 4058 1434 4121 usus
1455 4062 1514 4122 est.
