3472 5392
929 425 981 508 aa,

100 618 111 626 ·
219 601 345 679 Raptus
360 620 380 662 a
394 601 498 680 prima
515 600 564 662 ille
579 599 708 680 quidem
729 621 836 675 manu,
859 604 969 663 tamen
984 601 1136 664 adiectus,
1176 600 1221 664 ita
1234 601 1266 663 in
1281 602 1426 667 Parisino
1448 594 1504 668 lat.
1526 606 1675 701 8082(11)

219 707 363 787 Raptum
385 710 497 788 postea
520 707 698 788 praefixum
720 728 787 770 esse
808 707 950 788 prmlunt
973 706 1219 788 quaternionum
1243 709 1377 771 numeri.

343 830 379 892 ld
394 829 509 892 deinde
523 830 684 892 rarissime
700 830 816 893 accidit
833 849 938 911 neque
952 830 1012 892 nisi
1029 829 1061 891 in
1078 829 1302 892 recentissimis
1319 830 1415 909 libris,
1427 834 1471 896 'ut
1489 820 1559 896 solo
1574 834 1680 915 Raptu

222 935 460 1015 manuscriptus
475 935 647 1010 efficiatum
679 941 752 999 sunt
772 940 879 999 autem
897 935 947 998 ui:
968 935 1158 1015 Reginensis
1181 937 1260 998 1369
1277 937 1370 1000 saecl.
1388 938 1455 1015 XV,
1476 939 1680 1005 Corsinianus

219 1041 297 1105 430
327 1042 367 1103 25
393 1040 485 1103 saecl.
515 1041 588 1118 XV,
621 1041 827 1104 Corsinianus
846 1043 925 1105 431)
954 1043 994 1104 36
1021 1041 1114 1103 saecl.
1146 1041 1219 1119 XV,
1251 1043 1487 1108 Laurentianus
1510 1046 1679 1111 XXXIIl8

220 1149 313 1233 saecl.
336 1149 402 1213 XV.

344 1255 535 1336 Saepissime
556 1259 665 1318 autem
686 1274 743 1334 per
761 1254 904 1317 medium
924 1273 1041 1316 aevmn
1061 1253 1106 1317 ita
1125 1254 1252 1335 Raptus
1273 1255 1358 1318 tradi
1380 1254 1461 1318 solet
1484 1261 1522 1320 ut
1543 1258 1577 1321 in
1599 1258 1681 1323 libris

221 1361 430 1424 miscellaneis
452 1362 506 1443 qui
530 1361 680 1423 dicuntur
701 1361 891 1423 inveniatur.
934 1361 1163 1442 septemdecim
1186 1361 1271 1423 enim
1294 1362 1419 1426 codices
1441 1363 1539 1426 huius
1561 1365 1682 1444 generis

221 1466 299 1528 mihi
328 1467 470 1542 enotavi,
500 1466 656 1547 equibus
683 1466 743 1528 hos
772 1485 932 1530 memoro:
963 1466 1129 1530 Palatinus
1152 1468 1231 1531 1573
1253 1468 1346 1530 saecl.
1369 1468 1439 1531 XIII
1458 1489 1538 1551 pars
1557 1471 1603 1547 Η,
1631 1470 1682 1533 ubi

221 1571 342 1653 Raptui
364 1572 524 1635 antecedit
545 1573 638 1636 Statii
659 1572 825 1647 Aclrilleis3
852 1572 1046 1635 BarberInus
1068 1573 1136 1635 VIII
1155 1573 1194 1635 41
1218 1573 1311 1635 saecl.
1329 1573 1408 1651 XIII,
1444 1575 1566 1656 inquo
1589 1576 1682 1640 haec:

222 1662 376 1758 Prologus
398 1679 579 1756 Tbeodosii,
600 1679 821 1756 Maximianus
853 1679 995 1760 Raptus;
1025 1679 1215 1759 Reginensis
1238 1679 1318 1742 rum
1339 1681 1432 1743 saeol.
1454 1681 1544 1758 XIII,
1567 1682 1603 1745 in
1624 1700 1683 1763 quo

223 1784 483 1867 Cosmograplrus
505 1786 647 1867 quidam,
670 1805 855 1867 anonymon
877 1805 1007 1848 carmon
1028 1785 1215 1866 elegiacum,
1237 1786 1373 1868 Raptus,
1397 1787 1522 1850 Seneca
1544 1788 1588 1850 de
1609 1808 1684 1870 pau-

223 1895 356 1972 pertate,
379 1892 509 1968 similia;
532 1893 705 1956 Vaticanus
724 1894 802 1956 1663
817 1893 910 1955 saecl.
929 1893 1009 1970 XIV,
1042 1892 1075 1955 in
1095 1912 1159 1973 quo
1177 1892 1257 1956 liber
1277 1892 1416 1971 Catonis,
1438 1894 1599 1972 Avienus
1620 1896 1685 1959 Ma·

222 1998 397 2075 ximianm,
427 1998 520 2061 Statii
541 1999 709 2075 Achilleis,
739 1999 875 2080 Raptus
921 1999 1008 2062 aliud
1030 2000 1228 2080 exemplum,
1259 1999 1346 2079 quod
1373 2019 1451 2063 casu
1472 2001 1614 2082 arripio,
1643 2004 1688 2064 est

224 2103 325 2166 codex
353 2102 519 2166 Gudianus
546 2123 577 2166 n.
600 2104 661 2167 228
690 2104 784 2167 saeel.
806 2095 1019 2181 XIII—XIV,
1045 2104 1100 2185 qui
1129 2105 1270 2169 continet
1291 2105 1396 2168 Ovidii
1426 2125 1476 2187 ep.
1507 2127 1548 2169 ex
1575 2107 1686 2185 Ponto,
1722 2192 1728 2197 Ι

224 2209 316 2271 Statii
337 2209 548 2272 Achilleidem
569 2214 601 2274 et
622 2210 728 2291 ipsum
748 2210 894 2291 Raptum
924 2208 975 2290 (cf.
998 2210 1046 2273 ed.
1071 2211 1154 2292 leep.
1176 2212 1198 2289 I,
1220 2233 1251 2293 p.
1269 2210 1334 2292 LV)
1377 2212 1529 2293 addeque
1550 2213 1688 2277 Antver·

225 2315 368 2397 piensem
385 2333 420 2378 n.
441 2318 478 2379 71
495 2317 588 2380 saeel.
605 2317 675 2380 XIII
704 2317 737 2378 in
757 2317 934 2380 Achilleide
952 2321 984 2380 ot
999 2318 1110 2399 Raptu
1132 2338 1166 2381 se
1189 2318 1415 2396 continentem,
1437 2319 1559 2400 quibus
1579 2323 1690 2400 postea

227 2422 335 2486 adfixa
358 2426 432 2485 sunt
454 2424 517 2486 alia
539 2407 584 2486 ad*
605 2422 755 2486 Ovidium
777 2424 979 2504 pertinentia.
1394 2486 1396 2491 .

352 2529 443 2606 Quae
472 2549 548 2614 cum
578 2531 623 2594 ita
654 2531 732 2608 sint,
765 2531 809 2593 sic
838 2534 961 2608 statuo,
992 2534 1028 2594 ut
1060 2530 1237 2593 existimem
1265 2529 1447 2593 Claverium
1479 2529 1620 2594 fortasse
1650 2531 1691 2595 ad

227 2635 388 2699 edendum
408 2636 562 2716 Raptum,
586 2656 683 2718 quem
704 2637 737 2699 in
755 2637 787 2699 M
806 2656 871 2699 non
893 2635 1085 2714 inveniebat,
1108 2637 1248 2717 aliquem
1269 2654 1380 2699 eorum
1400 2655 1482 2717 quos
1503 2637 1608 2701 modo
1630 2638 1691 2701 dixi

230 2742 376 2805 codicum
396 2742 673 2806 miscellaneorum
701 2744 734 2807 in
763 2763 858 2806 usum
887 2762 1027 2807 vocasse.
1071 2743 1179 2824 itaque
1202 2743 1228 2805 si
1255 2743 1306 2805 ille
1335 2742 1417 2807 sicut
1444 2746 1585 2808 autumo
1615 2745 1692 2809 duos

221 2847 399 2911 Claudiani
422 2849 547 2912 codices
578 2852 609 2912 et
630 2870 731 2912 unmn
759 2850 999 2912 miscellaneam
1021 2849 1151 2926 habuIt,
1181 2849 1235 2930 qui
1258 2848 1346 2911 nullo
1369 2849 1437 2911 iure
1459 2849 1566 2913 codex
1590 2851 1691 2930 ,Clau-

230 2955 327 3018 diam’
347 2955 507 3019 nominari
529 2959 664 3037 poterat,
688 2977 754 3019 non
775 2957 869 3019 nimis
889 2956 1000 3019 mirari
1022 2955 1218 3032 debebimus,
1242 2954 1330 3036 quod
1350 2954 1518 3018 Glarerius
1541 2956 1578 3019 in
1596 2957 1693 3021 Prae-

230 3061 348 3125 fatione
379 3063 504 3126 codices
532 3063 701 3126 Claudiani
730 3063 810 3125 duos
835 3062 1041 3138 memoravit,
1074 3061 1192 3124 librum
1220 3061 1460 3124 miscellaneam
1488 3061 1613 3126 oblitus
1639 3067 1693 3126 est

203 3169 458 3250 ,acceditquod
479 3169 512 3231 in
533 3169 657 3233 edendo
679 3170 790 3250 Raptu
810 3188 844 3231 re
866 3187 942 3230 vera
962 3187 1027 3230 non
1049 3166 1109 3229 nisi
1133 3167 1213 3229 duos
1234 3167 1387 3248 inspexit;
1415 3167 1529 3231 tertius
1554 3169 1644 3233 enim
1664 3169 1695 3233 Μ

222 3276 368 3357 Raptum
391 3295 457 3339 non
478 3276 646 3356 praestitit.
1615 3278 1619 3284 ’

347 3383 386 3445 ut
401 3403 478 3446 sane
494 3383 624 3464 quidem
638 3384 730 3447 t'aeile
746 3385 831 3447 credi
847 3384 919 3446 licet
936 3383 1128 3459 Claverium,
1151 3402 1216 3464 qua
1231 3381 1291 3446 fuit
1312 3381 1473 3444 celeritate
1497 3382 1693 3459 admirabili,

225 3507 290 3551 non
313 3489 390 3551 satis
411 3489 596 3553 observasse
619 3491 755 3553 alterum
778 3490 925 3554 codicum
941 3489 1061 3553 Cuiacii
1083 3489 1181 3552 alium
1203 3488 1236 3550 in
1256 3489 1367 3569 Raptu
1387 3487 1485 3550 alium
1508 3488 1545 3550 in
1566 3488 1694 3571 reliquis

226 3595 420 3658 carminibus
442 3596 553 3677 fuisse}
583 3600 708 3660 constat
732 3597 913 3660 enimcum
940 3597 1036 3660 hosce
1058 3596 1184 3659 codices
1210 3614 1276 3658 non
1296 3594 1412 3657 vidisse
1433 3593 1496 3656 nisi
1519 3594 1692 3659 duodecim

225 3702 276 3765 rel
304 3703 488 3783 quindecim
516 3703 609 3766 annis
638 3707 713 3766 ante
740 3723 833 3766 suam
863 3703 1035 3766 editionem
1066 3700 1116 3782 (cf.
1145 3723 1176 3783 p.
1198 3700 1248 3782 Il!
1281 3701 1368 3763 unde
1397 3700 1464 3762 veri
1494 3699 1693 3765 simillioaum

107 3866 116 3883 ,
226 3827 294 3871 esse
316 3810 387 3872 dico
401 3809 592 3887 Claverium,
616 3811 695 3874 dum
716 3812 889 3875 editionem
912 3811 1016 3891 ipsam
1039 3809 1176 3886 conficit,
1199 3827 1266 3871 non
1288 3807 1350 3870 nisi
1368 3810 1520 3897 excerpta
1545 3827 1590 3870 ex
1611 3807 1693 3872 codi-

227 3917 316 3979 cibus
337 3917 514 3998 possedisse
529 3919 648 3998 partim
668 3919 789 3982 Cuiacii
811 3917 1085 4000 partito-fortasse
1108 3935 1167 3978 sua
1187 3915 1288 3996 ipsius
1306 3933 1407 3977 manu
1428 3912 1516 3976 facta
1542 3911 1597 3993 (cf.
1618 3935 1650 3996 p.
1662 3914 1691 3989 ᾖ

227 4024 262 4098 ὅς
282 4022 352 4104 20),
376 4024 503 4106 quodsi
524 4045 636 4087 verum
652 4028 708 4102 est,
732 4026 765 4089 id
779 4026 871 4088 facile
890 4044 907 4086 e
929 4028 1037 4087 mente
1053 4023 1198 4086 excidere
1217 4021 1245 4083 ei
1261 4020 1366 4102 potuit
1386 4019 1524 4083 alterum
1550 4021 1692 4084 codicem

227 4132 260 4194 iu
281 4132 393 4213 Rapta
415 4151 481 4194 non
505 4133 642 4195 eundem
664 4132 759 4195 fuisse
781 4136 879 4213 atque
902 4132 935 4194 in
957 4131 1086 4212 reliquis
1109 4127 1313 4192 carminibus.

349 4238 412 4300 Sed
442 4216 576 4301 cum'et
604 4239 747 4301 codicem
780 4239 810 4300 X
838 4242 870 4300 et
899 4237 1035 4300 alterum
1064 4236 1169 4310 illum,
1199 4252 1296 4314 quem
1324 4230 1570 4294 miscellaneum
1596 4231 1691 4295 fuisse

228 4345 364 4422 conieci,
394 4345 555 4425 ignorem,
585 4345 751 4422 lectiones,
782 4363 865 4425 quae
893 4344 950 4407 soli
982 4343 1083 4406 codici
1104 4342 1134 4404 X
1156 4340 1329 4416 debentur,
1360 4339 1394 4400 in
1415 4336 1528 4418 Raptu
1559 4338 1689 4420 quidem

225 4471 376 4533 separare
396 4471 533 4532 nequeo.

349 4557 568 4636 Omnes]vero
591 4557 741 4621 lectiones
765 4561 946 4620 ceterorum
970 4556 1160 4631 carminum,
1181 4573 1265 4636 quae
1281 4553 1314 4616 M
1333 4549 1531 4626 nonhabet,
1555 4587 1596 4594 -
1622 4552 1691 4615 sunt

228 4669 337 4729 autem
367 4664 511 4728 carmina
540 4664 573 4727 in
602 4664 769 4748 Olybrium
796 4668 828 4728 et
850 4663 1042 4740 Probinum,
1072 4663 1156 4725 Laus
1176 4659 1339 4736 Herculis,
1368 4658 1401 4720 iu
1422 4656 1573 4737 SirenaS,
1602 4656 1685 4720 Laus
