<?xml version="1.0" encoding="UTF-8"?>
<!DOCTYPE html PUBLIC "-//W3C//DTD XHTML 1.0 Transitional//EN"
    "http://www.w3.org/TR/xhtml1/DTD/xhtml1-transitional.dtd">
<html xmlns="http://www.w3.org/1999/xhtml" xml:lang="en" lang="en">
 <head>
  <title>
</title>
<meta http-equiv="Content-Type" content="text/html;charset=utf-8" />
  <meta name='ocr-system' content='tesseract 3.04.00' />
  <meta name='ocr-capabilities' content='ocr_page ocr_carea ocr_par ocr_line ocrx_word'/>
</head>
<body>
  <div class='ocr_page' id='page_1' title='image "./decodicibuscuia00kochgoog_0064.png"; bbox 0 0 3480 5356; ppageno 0'>
   <div class='ocr_carea' id='block_1_1' title="bbox 802 464 842 550">
    <p class='ocr_par' dir='ltr' id='par_1_1' title="bbox 802 464 842 550">
     <span class='ocr_line' id='line_1_1' title="bbox 802 464 842 550; baseline 0 0"><span class='ocrx_word' id='word_1_1' title='bbox 802 464 842 550; x_wconf 74' lang='lat'>5⁷</span> 
     </span>
    </p>
   </div>
   <div class='ocr_carea' id='block_1_2' title="bbox 10 639 1607 1451">
    <p class='ocr_par' dir='ltr' id='par_1_2' title="bbox 10 639 1607 1451">
     <span class='ocr_line' id='line_1_2' title="bbox 10 639 1551 730; baseline -0.002 -23"><span class='ocrx_word' id='word_1_2' title='bbox 10 720 12 727; x_wconf 28' lang='grc' dir='ltr'>Ι</span> <span class='ocrx_word' id='word_1_3' title='bbox 55 668 57 671; x_wconf 95' lang='grc'><strong><em>·</em></strong></span> <span class='ocrx_word' id='word_1_4' title='bbox 90 644 300 725; x_wconf 78' lang='lat' dir='ltr'>Heptanteter</span> <span class='ocrx_word' id='word_1_5' title='bbox 329 640 412 702; x_wconf 92' lang='lat' dir='ltr'>enim</span> <span class='ocrx_word' id='word_1_6' title='bbox 443 639 495 700; x_wconf 92' lang='lat' dir='ltr'>hic</span> <span class='ocrx_word' id='word_1_7' title='bbox 523 643 571 702; x_wconf 89' lang='lat' dir='ltr'>est</span> <span class='ocrx_word' id='word_1_8' title='bbox 597 660 656 721; x_wconf 91' lang='lat' dir='ltr'>pro</span> <span class='ocrx_word' id='word_1_9' title='bbox 685 640 881 703; x_wconf 88' lang='lat' dir='ltr'>hexametro</span> <span class='ocrx_word' id='word_1_10' title='bbox 934 661 1032 730; x_wconf 84' lang='lat' dir='ltr'>supra</span> <span class='ocrx_word' id='word_1_11' title='bbox 1060 662 1080 703; x_wconf 87' lang='lat' dir='ltr'>a</span> <span class='ocrx_word' id='word_1_12' title='bbox 1108 641 1256 704; x_wconf 77' lang='lat' dir='ltr'>ultimam</span> <span class='ocrx_word' id='word_1_13' title='bbox 1283 641 1407 723; x_wconf 77' lang='lat' dir='ltr'>virgula</span> <span class='ocrx_word' id='word_1_14' title='bbox 1434 642 1551 704; x_wconf 85' lang='lat' dir='ltr'>librata</span> 
     </span>
     <span class='ocr_line' id='line_1_3' title="bbox 91 747 1551 829; baseline -0.001 -16"><span class='ocrx_word' id='word_1_15' title='bbox 91 770 200 824; x_wconf 74' lang='lat' dir='ltr'>erasa,</span> <span class='ocrx_word' id='word_1_16' title='bbox 222 749 326 811; x_wconf 82' lang='lat' dir='ltr'>tuerat</span> <span class='ocrx_word' id='word_1_17' title='bbox 345 747 453 829; x_wconf 86' lang='lat' dir='ltr'>itaque</span> <span class='ocrx_word' id='word_1_18' title='bbox 475 767 585 826; x_wconf 60' lang='lat' dir='ltr'>nonem·</span> <span class='ocrx_word' id='word_1_19' title='bbox 609 767 648 810; x_wconf 90' lang='lat' dir='ltr'>ex</span> <span class='ocrx_word' id='word_1_20' title='bbox 669 754 771 811; x_wconf 77' lang='lat' dir='ltr'>ennete</span> <span class='ocrx_word' id='word_1_21' title='bbox 792 768 834 810; x_wconf 91' lang='lat' dir='ltr'>m.</span> <span class='ocrx_word' id='word_1_22' title='bbox 857 749 877 810; x_wconf 58' lang='grc' dir='ltr'>Ξ</span> <span class='ocrx_word' id='word_1_23' title='bbox 898 750 997 812; x_wconf 81' lang='lat' dir='ltr'>lnnltn</span> <span class='ocrx_word' id='word_1_24' title='bbox 1022 748 1195 811; x_wconf 80' lang='lat' dir='ltr'>correxisse</span> <span class='ocrx_word' id='word_1_25' title='bbox 1216 748 1350 812; x_wconf 84' lang='lat' dir='ltr'>videtur.</span> <span class='ocrx_word' id='word_1_26' title='bbox 1386 749 1452 812; x_wconf 86' lang='lat' dir='ltr'>iam</span> <span class='ocrx_word' id='word_1_27' title='bbox 1474 769 1551 813; x_wconf 89' lang='lat' dir='ltr'>vero</span> 
     </span>
     <span class='ocr_line' id='line_1_4' title="bbox 90 840 1607 937; baseline -0.001 -17"><span class='ocrx_word' id='word_1_28' title='bbox 90 853 539 931; x_wconf 47' lang='lat' dir='ltr'>hexametrum,,restituturus</span> <span class='ocrx_word' id='word_1_29' title='bbox 560 854 652 932; x_wconf 68' lang='lat' dir='ltr'>vitto,</span> <span class='ocrx_word' id='word_1_30' title='bbox 676 854 764 934; x_wconf 91' lang='lat' dir='ltr'>quod</span> <span class='ocrx_word' id='word_1_31' title='bbox 785 874 824 916; x_wconf 90' lang='lat' dir='ltr'>ex</span> <span class='ocrx_word' id='word_1_32' title='bbox 843 853 1041 935; x_wconf 77' lang='lat' dir='ltr'>interpolatis</span> <span class='ocrx_word' id='word_1_33' title='bbox 1062 855 1154 918; x_wconf 92' lang='lat' dir='ltr'>codd.</span> <span class='ocrx_word' id='word_1_34' title='bbox 1174 855 1207 917; x_wconf 93' lang='lat' dir='ltr'>in</span> <span class='ocrx_word' id='word_1_35' title='bbox 1225 846 1353 919; x_wconf 88' lang='lat' dir='ltr'>versum</span> <span class='ocrx_word' id='word_1_36' title='bbox 1375 855 1550 937; x_wconf 82' lang='lat' dir='ltr'>inrepserit,</span> <span class='ocrx_word' id='word_1_37' title='bbox 1605 840 1607 845; x_wconf 37' lang='grc'>’</span> 
     </span>
     <span class='ocr_line' id='line_1_5' title="bbox 90 950 1550 1034; baseline 0 -9"><span class='ocrx_word' id='word_1_38' title='bbox 90 963 183 1025; x_wconf 79' lang='lat' dir='ltr'>facile</span> <span class='ocrx_word' id='word_1_39' title='bbox 208 980 336 1024; x_wconf 90' lang='lat' dir='ltr'>mecum</span> <span class='ocrx_word' id='word_1_40' title='bbox 363 960 498 1034; x_wconf 71' lang='lat' dir='ltr'>delebis,</span> <span class='ocrx_word' id='word_1_41' title='bbox 530 967 629 1024; x_wconf 67' lang='lat' dir='ltr'>maesto</span> <span class='ocrx_word' id='word_1_42' title='bbox 659 959 736 1023; x_wconf 89' lang='lat' dir='ltr'>illud</span> <span class='ocrx_word' id='word_1_43' title='bbox 766 964 874 1023; x_wconf 90' lang='lat' dir='ltr'>autem</span> <span class='ocrx_word' id='word_1_44' title='bbox 902 950 1056 1023; x_wconf 78' lang='lat' dir='ltr'>uidelicet¹</span> <span class='ocrx_word' id='word_1_45' title='bbox 1070 981 1143 1024; x_wconf 90' lang='lat' dir='ltr'>cum</span> <span class='ocrx_word' id='word_1_46' title='bbox 1173 960 1308 1024; x_wconf 89' lang='lat' dir='ltr'>lectione</span> <span class='ocrx_word' id='word_1_47' title='bbox 1329 965 1441 1026; x_wconf 74' lang='lat' dir='ltr'>inultos</span> <span class='ocrx_word' id='word_1_48' title='bbox 1469 964 1502 1025; x_wconf 90' lang='lat' dir='ltr'>in</span> <span class='ocrx_word' id='word_1_49' title='bbox 1524 964 1550 1025; x_wconf 93' lang='lat' dir='ltr'>V</span> 
     </span>
     <span class='ocr_line' id='line_1_6' title="bbox 91 1061 1551 1151; baseline 0.001 -19"><span class='ocrx_word' id='word_1_50' title='bbox 91 1067 334 1149; x_wconf 81' lang='lat' dir='ltr'>correspondet3</span> <span class='ocrx_word' id='word_1_51' title='bbox 372 1087 448 1146; x_wconf 74' lang='lat' dir='ltr'>ergo</span> <span class='ocrx_word' id='word_1_52' title='bbox 472 1065 586 1129; x_wconf 73' lang='lat' dir='ltr'>inultos</span> <span class='ocrx_word' id='word_1_53' title='bbox 614 1086 653 1129; x_wconf 89' lang='lat' dir='ltr'>ex</span> <span class='ocrx_word' id='word_1_54' title='bbox 675 1072 777 1130; x_wconf 84' lang='lat' dir='ltr'>mesto</span> <span class='ocrx_word' id='word_1_55' title='bbox 806 1070 912 1129; x_wconf 91' lang='lat' dir='ltr'>ortum</span> <span class='ocrx_word' id='word_1_56' title='bbox 943 1087 1010 1131; x_wconf 90' lang='lat' dir='ltr'>esse</span> <span class='ocrx_word' id='word_1_57' title='bbox 1032 1067 1100 1129; x_wconf 89' lang='lat' dir='ltr'>veri</span> <span class='ocrx_word' id='word_1_58' title='bbox 1128 1061 1323 1131; x_wconf 82' lang='lat' dir='ltr'>simillimum</span> <span class='ocrx_word' id='word_1_59' title='bbox 1355 1069 1426 1131; x_wconf 88' lang='lat' dir='ltr'>dieo</span> <span class='ocrx_word' id='word_1_60' title='bbox 1453 1073 1551 1151; x_wconf 89' lang='lat' dir='ltr'>atque</span> 
     </span>
     <span class='ocr_line' id='line_1_7' title="bbox 15 1167 1550 1257; baseline 0.001 -19"><span class='ocrx_word' id='word_1_61' title='bbox 15 1167 18 1171; x_wconf 63' lang='grc'>’</span> <span class='ocrx_word' id='word_1_62' title='bbox 90 1177 175 1238; x_wconf 90' lang='lat' dir='ltr'>hanc</span> <span class='ocrx_word' id='word_1_63' title='bbox 197 1174 329 1237; x_wconf 90' lang='lat' dir='ltr'>tandem</span> <span class='ocrx_word' id='word_1_64' title='bbox 358 1193 396 1235; x_wconf 94' lang='lat' dir='ltr'>ex</span> <span class='ocrx_word' id='word_1_65' title='bbox 415 1172 469 1234; x_wconf 90' lang='lat' dir='ltr'>VP</span> <span class='ocrx_word' id='word_1_66' title='bbox 490 1173 681 1253; x_wconf 83' lang='lat' dir='ltr'>scripturam</span> <span class='ocrx_word' id='word_1_67' title='bbox 710 1173 735 1235; x_wconf 91' lang='lat' dir='ltr'>si</span> <span class='ocrx_word' id='word_1_68' title='bbox 758 1173 806 1235; x_wconf 91' lang='lat' dir='ltr'>dis</span> <span class='ocrx_word' id='word_1_69' title='bbox 827 1173 933 1254; x_wconf 90' lang='lat' dir='ltr'>placet</span> <span class='ocrx_word' id='word_1_70' title='bbox 954 1173 1186 1237; x_wconf 87' lang='lat' dir='ltr'>Claudianeam</span> <span class='ocrx_word' id='word_1_71' title='bbox 1215 1194 1292 1237; x_wconf 89' lang='lat' dir='ltr'>eruo</span> <span class='ocrx_word' id='word_1_72' title='bbox 1312 1176 1434 1257; x_wconf 92' lang='lat' dir='ltr'>tibique</span> <span class='ocrx_word' id='word_1_73' title='bbox 1464 1196 1550 1240; x_wconf 91' lang='lat' dir='ltr'>com-</span> 
     </span>
     <span class='ocr_line' id='line_1_8' title="bbox 90 1282 225 1344; baseline 0 0"><span class='ocrx_word' id='word_1_74' title='bbox 90 1282 225 1344; x_wconf 92' lang='lat' dir='ltr'>mendo:</span> 
     </span>
     <span class='ocr_line' id='line_1_9' title="bbox 507 1386 1140 1451; baseline 0 -3"><span class='ocrx_word' id='word_1_75' title='bbox 507 1389 539 1448; x_wconf 93' lang='lat' dir='ltr'>et</span> <span class='ocrx_word' id='word_1_76' title='bbox 559 1390 665 1451; x_wconf 88' lang='lat' dir='ltr'>musto</span> <span class='ocrx_word' id='word_1_77' title='bbox 688 1386 858 1449; x_wconf 88' lang='lat' dir='ltr'>sudantem</span> <span class='ocrx_word' id='word_1_78' title='bbox 879 1387 1013 1449; x_wconf 90' lang='lat' dir='ltr'>ventilat</span> <span class='ocrx_word' id='word_1_79' title='bbox 1033 1406 1140 1450; x_wconf 88' lang='lat' dir='ltr'>uvam.</span> 
     </span>
    </p>
   </div>
   <div class='ocr_carea' id='block_1_3' title="bbox 10 1515 1583 4795">
    <p class='ocr_par' dir='ltr' id='par_1_3' title="bbox 19 1515 1557 3201">
     <span class='ocr_line' id='line_1_10' title="bbox 89 1515 1551 1599; baseline 0.001 -20"><span class='ocrx_word' id='word_1_80' title='bbox 89 1516 175 1579; x_wconf 88' lang='lat' dir='ltr'>Nam</span> <span class='ocrx_word' id='word_1_81' title='bbox 205 1515 281 1596; x_wconf 86' lang='lat' dir='ltr'>quia</span> <span class='ocrx_word' id='word_1_82' title='bbox 309 1521 451 1578; x_wconf 90' lang='lat' dir='ltr'>mustum</span> <span class='ocrx_word' id='word_1_83' title='bbox 480 1516 547 1596; x_wconf 90' lang='lat' dir='ltr'>ipse</span> <span class='ocrx_word' id='word_1_84' title='bbox 575 1536 670 1579; x_wconf 89' lang='lat' dir='ltr'>sucus</span> <span class='ocrx_word' id='word_1_85' title='bbox 699 1520 747 1579; x_wconf 92' lang='lat' dir='ltr'>est</span> <span class='ocrx_word' id='word_1_86' title='bbox 772 1536 910 1580; x_wconf 91' lang='lat' dir='ltr'>uvarum</span> <span class='ocrx_word' id='word_1_87' title='bbox 938 1537 1106 1598; x_wconf 89' lang='lat' dir='ltr'>expressus</span> <span class='ocrx_word' id='word_1_88' title='bbox 1134 1521 1166 1581; x_wconf 91' lang='lat' dir='ltr'>et</span> <span class='ocrx_word' id='word_1_89' title='bbox 1190 1518 1282 1599; x_wconf 86' lang='lat' dir='ltr'>quasi</span> <span class='ocrx_word' id='word_1_90' title='bbox 1311 1518 1484 1581; x_wconf 88' lang='lat' dir='ltr'>exsudatus</span> <span class='ocrx_word' id='word_1_91' title='bbox 1512 1539 1551 1581; x_wconf 90' lang='lat' dir='ltr'>ex</span> 
     </span>
     <span class='ocr_line' id='line_1_11' title="bbox 90 1607 1551 1705; baseline 0.001 -18"><span class='ocrx_word' id='word_1_92' title='bbox 90 1644 156 1705; x_wconf 87' lang='lat' dir='ltr'>quo</span> <span class='ocrx_word' id='word_1_93' title='bbox 183 1624 294 1685; x_wconf 88' lang='lat' dir='ltr'>vinum</span> <span class='ocrx_word' id='word_1_94' title='bbox 328 1643 448 1686; x_wconf 86' lang='lat' dir='ltr'>novum</span> <span class='ocrx_word' id='word_1_95' title='bbox 480 1623 595 1700; x_wconf 86' lang='lat' dir='ltr'>fiebat,</span> <span class='ocrx_word' id='word_1_96' title='bbox 631 1644 697 1686; x_wconf 92' lang='lat' dir='ltr'>non</span> <span class='ocrx_word' id='word_1_97' title='bbox 723 1623 841 1687; x_wconf 89' lang='lat' dir='ltr'>rectius</span> <span class='ocrx_word' id='word_1_98' title='bbox 870 1624 946 1687; x_wconf 89' lang='lat' dir='ltr'>vino</span> <span class='ocrx_word' id='word_1_99' title='bbox 976 1644 1075 1704; x_wconf 87' lang='lat' dir='ltr'>quarn</span> <span class='ocrx_word' id='word_1_100' title='bbox 1103 1607 1178 1705; x_wconf 88' lang='lat' dir='ltr'>ipso</span> <span class='ocrx_word' id='word_1_101' title='bbox 1206 1629 1312 1686; x_wconf 90' lang='lat' dir='ltr'>musto</span> <span class='ocrx_word' id='word_1_102' title='bbox 1340 1624 1457 1687; x_wconf 86' lang='lat' dir='ltr'>sudare</span> <span class='ocrx_word' id='word_1_103' title='bbox 1487 1645 1551 1688; x_wconf 87' lang='lat' dir='ltr'>uva</span> 
     </span>
     <span class='ocr_line' id='line_1_12' title="bbox 89 1724 1551 1811; baseline 0.001 -19"><span class='ocrx_word' id='word_1_104' title='bbox 89 1730 215 1793; x_wconf 87' lang='lat' dir='ltr'>dicitnr.</span> <span class='ocrx_word' id='word_1_105' title='bbox 259 1730 334 1792; x_wconf 92' lang='lat' dir='ltr'>item</span> <span class='ocrx_word' id='word_1_106' title='bbox 358 1729 621 1811; x_wconf 86' lang='lat' dir='ltr'>quandoquidem</span> <span class='ocrx_word' id='word_1_107' title='bbox 649 1736 680 1795; x_wconf 91' lang='lat' dir='ltr'>et</span> <span class='ocrx_word' id='word_1_108' title='bbox 709 1735 816 1794; x_wconf 88' lang='lat' dir='ltr'>aestus</span> <span class='ocrx_word' id='word_1_109' title='bbox 837 1732 925 1794; x_wconf 91' lang='lat' dir='ltr'>notio</span> <span class='ocrx_word' id='word_1_110' title='bbox 952 1731 1061 1794; x_wconf 90' lang='lat' dir='ltr'>sudori</span> <span class='ocrx_word' id='word_1_111' title='bbox 1083 1724 1230 1795; x_wconf 82' lang='lat' dir='ltr'>inhaeret</span> <span class='ocrx_word' id='word_1_112' title='bbox 1257 1735 1289 1793; x_wconf 94' lang='lat' dir='ltr'>et</span> <span class='ocrx_word' id='word_1_113' title='bbox 1309 1730 1405 1793; x_wconf 90' lang='lat' dir='ltr'>musti</span> <span class='ocrx_word' id='word_1_114' title='bbox 1427 1731 1460 1793; x_wconf 88' lang='lat' dir='ltr'>id</span> <span class='ocrx_word' id='word_1_115' title='bbox 1481 1751 1551 1794; x_wconf 88' lang='lat' dir='ltr'>ma-</span> 
     </span>
     <span class='ocr_line' id='line_1_13' title="bbox 88 1837 1552 1919; baseline 0 -18"><span class='ocrx_word' id='word_1_116' title='bbox 88 1838 175 1901; x_wconf 90' lang='lat' dir='ltr'>xime</span> <span class='ocrx_word' id='word_1_117' title='bbox 189 1837 355 1918; x_wconf 90' lang='lat' dir='ltr'>proprium</span> <span class='ocrx_word' id='word_1_118' title='bbox 375 1837 523 1899; x_wconf 78' lang='lat' dir='ltr'>habitunt</span> <span class='ocrx_word' id='word_1_119' title='bbox 538 1840 585 1899; x_wconf 90' lang='lat' dir='ltr'>est</span> <span class='ocrx_word' id='word_1_120' title='bbox 600 1838 687 1917; x_wconf 91' lang='lat' dir='ltr'>quod</span> <span class='ocrx_word' id='word_1_121' title='bbox 709 1839 819 1915; x_wconf 87' lang='lat' dir='ltr'>fervet,</span> <span class='ocrx_word' id='word_1_122' title='bbox 841 1842 938 1918; x_wconf 91' lang='lat' dir='ltr'>poeta</span> <span class='ocrx_word' id='word_1_123' title='bbox 952 1842 1096 1901; x_wconf 88' lang='lat' dir='ltr'>mustum</span> <span class='ocrx_word' id='word_1_124' title='bbox 1113 1838 1276 1919; x_wconf 86' lang='lat' dir='ltr'>aptissime</span> <span class='ocrx_word' id='word_1_125' title='bbox 1298 1857 1357 1918; x_wconf 91' lang='lat' dir='ltr'>pro</span> <span class='ocrx_word' id='word_1_126' title='bbox 1373 1857 1411 1900; x_wconf 90' lang='lat' dir='ltr'>eo</span> <span class='ocrx_word' id='word_1_127' title='bbox 1426 1837 1552 1901; x_wconf 87' lang='lat' dir='ltr'>induxit</span> 
     </span>
     <span class='ocr_line' id='line_1_14' title="bbox 91 1943 1557 2026; baseline 0 -18"><span class='ocrx_word' id='word_1_128' title='bbox 91 1965 159 2026; x_wconf 89' lang='lat' dir='ltr'>quo</span> <span class='ocrx_word' id='word_1_129' title='bbox 184 1947 249 2007; x_wconf 87' lang='lat' dir='ltr'>uva</span> <span class='ocrx_word' id='word_1_130' title='bbox 270 1944 371 2007; x_wconf 89' lang='lat' dir='ltr'>sudet.</span> <span class='ocrx_word' id='word_1_131' title='bbox 415 1943 501 2006; x_wconf 90' lang='lat' dir='ltr'>idem</span> <span class='ocrx_word' id='word_1_132' title='bbox 531 1944 709 2008; x_wconf 81' lang='lat' dir='ltr'>ablativum</span> <span class='ocrx_word' id='word_1_133' title='bbox 735 1953 836 2009; x_wconf 84' lang='lat' dir='ltr'>nensto</span> <span class='ocrx_word' id='word_1_134' title='bbox 863 1945 906 2008; x_wconf 87' lang='lat' dir='ltr'>ad</span> <span class='ocrx_word' id='word_1_135' title='bbox 925 1945 1047 2008; x_wconf 69' lang='lat' dir='ltr'>sardens</span> <span class='ocrx_word' id='word_1_136' title='bbox 1069 1964 1199 2026; x_wconf 88' lang='lat' dir='ltr'>prorsus</span> <span class='ocrx_word' id='word_1_137' title='bbox 1223 1945 1268 2008; x_wconf 89' lang='lat' dir='ltr'>ita</span> <span class='ocrx_word' id='word_1_138' title='bbox 1291 1944 1449 2007; x_wconf 81' lang='lat' dir='ltr'>adstruxit</span> <span class='ocrx_word' id='word_1_139' title='bbox 1469 1946 1557 2008; x_wconf 90' lang='lat' dir='ltr'>velut</span> 
     </span>
     <span class='ocr_line' id='line_1_15' title="bbox 88 2051 1049 2131; baseline 0.001 -17"><span class='ocrx_word' id='word_1_140' title='bbox 88 2051 249 2115; x_wconf 88' lang='lat' dir='ltr'>luvenalis</span> <span class='ocrx_word' id='word_1_141' title='bbox 270 2053 300 2128; x_wconf 76' lang='lat' dir='ltr'>l,</span> <span class='ocrx_word' id='word_1_142' title='bbox 325 2053 383 2113; x_wconf 82' lang='lat'>108</span> <span class='ocrx_word' id='word_1_143' title='bbox 405 2051 587 2131; x_wconf 86' lang='lat' dir='ltr'>Crispinum</span> <span class='ocrx_word' id='word_1_144' title='bbox 610 2052 689 2115; x_wconf 91' lang='lat' dir='ltr'>dixit</span> <span class='ocrx_word' id='word_1_145' title='bbox 710 2053 877 2116; x_wconf 83' lang='lat' dir='ltr'>sudantem</span> <span class='ocrx_word' id='word_1_146' title='bbox 899 2073 1049 2117; x_wconf 75' lang='lat' dir='ltr'>antonno«.</span> 
     </span>
     <span class='ocr_line' id='line_1_16' title="bbox 87 2155 1551 2249; baseline -0.003 -25"><span class='ocrx_word' id='word_1_147' title='bbox 87 2161 186 2249; x_wconf 80' lang='lat' dir='ltr'>Manl.</span> <span class='ocrx_word' id='word_1_148' title='bbox 209 2160 330 2222; x_wconf 86' lang='lat' dir='ltr'>Theod.</span> <span class='ocrx_word' id='word_1_149' title='bbox 360 2160 403 2240; x_wconf 86' lang='lat' dir='ltr'>pf.</span> <span class='ocrx_word' id='word_1_150' title='bbox 427 2160 445 2221; x_wconf 89' lang='grc'>7</span> <span class='ocrx_word' id='word_1_151' title='bbox 472 2157 610 2240; x_wconf 71' lang='lat' dir='ltr'>lantino]</span> <span class='ocrx_word' id='word_1_152' title='bbox 641 2159 919 2240; x_wconf 89' lang='lat' dir='ltr'>interpolationem</span> <span class='ocrx_word' id='word_1_153' title='bbox 947 2159 1033 2222; x_wconf 90' lang='lat' dir='ltr'>hanc</span> <span class='ocrx_word' id='word_1_154' title='bbox 1064 2178 1132 2221; x_wconf 87' lang='lat' dir='ltr'>esse</span> <span class='ocrx_word' id='word_1_155' title='bbox 1160 2160 1239 2238; x_wconf 87' lang='lat' dir='ltr'>puto</span> <span class='ocrx_word' id='word_1_156' title='bbox 1270 2156 1417 2220; x_wconf 89' lang='lat' dir='ltr'>variandi</span> <span class='ocrx_word' id='word_1_157' title='bbox 1446 2155 1551 2219; x_wconf 89' lang='lat' dir='ltr'>studio</span> 
     </span>
     <span class='ocr_line' id='line_1_17' title="bbox 88 2271 1242 2332; baseline -0.003 0"><span class='ocrx_word' id='word_1_158' title='bbox 88 2271 207 2332; x_wconf 86' lang='lat' dir='ltr'>ortam.</span> <span class='ocrx_word' id='word_1_159' title='bbox 1239 2324 1242 2329; x_wconf 89' lang='lat'><em>.</em></span> 
     </span>
     <span class='ocr_line' id='line_1_18' title="bbox 88 2371 1552 2455; baseline -0.003 -18"><span class='ocrx_word' id='word_1_160' title='bbox 88 2375 158 2438; x_wconf 89' lang='lat' dir='ltr'>Stil.</span> <span class='ocrx_word' id='word_1_161' title='bbox 175 2375 268 2437; x_wconf 79' lang='lat'>11107</span> <span class='ocrx_word' id='word_1_162' title='bbox 291 2373 456 2438; x_wconf 78' lang='lat' dir='ltr'>Ammonis</span> <span class='ocrx_word' id='word_1_163' title='bbox 478 2374 614 2438; x_wconf 82' lang='lat' dir='ltr'>domitae</span> <span class='ocrx_word' id='word_1_164' title='bbox 635 2373 758 2454; x_wconf 79' lang='lat' dir='ltr'>pentes]</span> <span class='ocrx_word' id='word_1_165' title='bbox 781 2393 840 2454; x_wconf 92' lang='lat' dir='ltr'>pro</span> <span class='ocrx_word' id='word_1_166' title='bbox 863 2373 1029 2438; x_wconf 83' lang='lat' dir='ltr'>admonuit</span> <span class='ocrx_word' id='word_1_167' title='bbox 1051 2372 1197 2435; x_wconf 82' lang='lat' dir='ltr'>dominae</span> <span class='ocrx_word' id='word_1_168' title='bbox 1216 2381 1332 2455; x_wconf 73' lang='lat' dir='ltr'>pentec.</span> <span class='ocrx_word' id='word_1_169' title='bbox 1372 2372 1451 2435; x_wconf 90' lang='lat' dir='ltr'>liber</span> <span class='ocrx_word' id='word_1_170' title='bbox 1470 2371 1498 2433; x_wconf 87' lang='lat' dir='ltr'><strong>A</strong></span> <span class='ocrx_word' id='word_1_171' title='bbox 1520 2375 1552 2434; x_wconf 93' lang='lat' dir='ltr'>et</span> 
     </span>
     <span class='ocr_line' id='line_1_19' title="bbox 19 2481 1231 2563; baseline -0.002 -20"><span class='ocrx_word' id='word_1_172' title='bbox 19 2553 22 2557; x_wconf 92' lang='lat'><em>.</em></span> <span class='ocrx_word' id='word_1_173' title='bbox 88 2481 119 2543; x_wconf 93' lang='lat' dir='ltr'>V</span> <span class='ocrx_word' id='word_1_174' title='bbox 139 2501 182 2544; x_wconf 92' lang='lat' dir='ltr'>m.</span> <span class='ocrx_word' id='word_1_175' title='bbox 206 2500 267 2542; x_wconf 89' lang='lat' dir='ltr'>rec.</span> <span class='ocrx_word' id='word_1_176' title='bbox 289 2483 472 2563; x_wconf 67' lang='lat' dir='ltr'>uterino-nuit,</span> <span class='ocrx_word' id='word_1_177' title='bbox 494 2482 568 2544; x_wconf 88' lang='lat' dir='ltr'>inde</span> <span class='ocrx_word' id='word_1_178' title='bbox 589 2485 770 2544; x_wconf 88' lang='lat' dir='ltr'>monstrum</span> <span class='ocrx_word' id='word_1_179' title='bbox 788 2481 866 2544; x_wconf 89' lang='lat' dir='ltr'>illud</span> <span class='ocrx_word' id='word_1_180' title='bbox 888 2481 1032 2544; x_wconf 86' lang='lat' dir='ltr'>lectionis</span> <span class='ocrx_word' id='word_1_181' title='bbox 1056 2481 1231 2544; x_wconf 75' lang='lat' dir='ltr'>Aenrnonis.</span> 
     </span>
     <span class='ocr_line' id='line_1_20' title="bbox 87 2584 1551 2671; baseline -0.005 -19"><span class='ocrx_word' id='word_1_182' title='bbox 87 2589 175 2668; x_wconf 81' lang='lat' dir='ltr'>Laus</span> <span class='ocrx_word' id='word_1_183' title='bbox 197 2588 262 2650; x_wconf 86' lang='lat' dir='ltr'>Ser.</span> <span class='ocrx_word' id='word_1_184' title='bbox 287 2589 326 2650; x_wconf 72' lang='lat' dir='ltr'>no</span> <span class='ocrx_word' id='word_1_185' title='bbox 349 2588 500 2671; x_wconf 81' lang='lat' dir='ltr'>Penelope</span> <span class='ocrx_word' id='word_1_186' title='bbox 521 2588 614 2652; x_wconf 75' lang='lat' dir='ltr'>deone</span> <span class='ocrx_word' id='word_1_187' title='bbox 635 2607 718 2651; x_wconf 29' lang='lat' dir='ltr'>arnse</span> <span class='ocrx_word' id='word_1_188' title='bbox 740 2585 848 2668; x_wconf 76' lang='lat' dir='ltr'>stenen]</span> <span class='ocrx_word' id='word_1_189' title='bbox 871 2588 1074 2668; x_wconf 87' lang='lat' dir='ltr'>dilficillimus</span> <span class='ocrx_word' id='word_1_190' title='bbox 1095 2590 1142 2649; x_wconf 92' lang='lat' dir='ltr'>est</span> <span class='ocrx_word' id='word_1_191' title='bbox 1164 2586 1216 2649; x_wconf 89' lang='lat' dir='ltr'>hic</span> <span class='ocrx_word' id='word_1_192' title='bbox 1238 2586 1340 2660; x_wconf 78' lang='lat' dir='ltr'>locus3</span> <span class='ocrx_word' id='word_1_193' title='bbox 1364 2606 1441 2648; x_wconf 86' lang='lat' dir='ltr'>nam</span> <span class='ocrx_word' id='word_1_194' title='bbox 1464 2584 1551 2665; x_wconf 91' lang='lat' dir='ltr'>quod</span> 
     </span>
     <span class='ocr_line' id='line_1_21' title="bbox 87 2678 1551 2781; baseline -0.002 -25"><span class='ocrx_word' id='word_1_195' title='bbox 87 2696 247 2776; x_wconf 84' lang='lat' dir='ltr'>praebent</span> <span class='ocrx_word' id='word_1_196' title='bbox 269 2695 412 2775; x_wconf 80' lang='lat' dir='ltr'>plerique</span> <span class='ocrx_word' id='word_1_197' title='bbox 430 2695 579 2778; x_wconf 80' lang='lat' dir='ltr'>Penelope</span> <span class='ocrx_word' id='word_1_198' title='bbox 600 2678 694 2758; x_wconf 80' lang='lat' dir='ltr'>decus</span> <span class='ocrx_word' id='word_1_199' title='bbox 716 2701 810 2779; x_wconf 80' lang='lat' dir='ltr'>etqno</span> <span class='ocrx_word' id='word_1_200' title='bbox 831 2695 890 2758; x_wconf 75' lang='lat' dir='ltr'>reni</span> <span class='ocrx_word' id='word_1_201' title='bbox 911 2694 961 2756; x_wconf 76' lang='lat' dir='ltr'>ciii</span> <span class='ocrx_word' id='word_1_202' title='bbox 982 2700 1072 2757; x_wconf 87' lang='lat' dir='ltr'>tento</span> <span class='ocrx_word' id='word_1_203' title='bbox 1092 2698 1241 2781; x_wconf 81' lang='lat' dir='ltr'>paretur,</span> <span class='ocrx_word' id='word_1_204' title='bbox 1272 2713 1337 2755; x_wconf 91' lang='lat' dir='ltr'>non</span> <span class='ocrx_word' id='word_1_205' title='bbox 1353 2691 1455 2767; x_wconf 73' lang='lat' dir='ltr'>video</span> <span class='ocrx_word' id='word_1_206' title='bbox 1487 2710 1551 2771; x_wconf 90' lang='lat' dir='ltr'>quo</span> 
     </span>
     <span class='ocr_line' id='line_1_22' title="bbox 88 2798 1550 2882; baseline -0.002 -19"><span class='ocrx_word' id='word_1_207' title='bbox 88 2821 186 2863; x_wconf 89' lang='lat' dir='ltr'>sensu</span> <span class='ocrx_word' id='word_1_208' title='bbox 206 2800 361 2881; x_wconf 85' lang='lat' dir='ltr'>accipiam</span> <span class='ocrx_word' id='word_1_209' title='bbox 388 2805 519 2881; x_wconf 88' lang='lat' dir='ltr'>propter</span> <span class='ocrx_word' id='word_1_210' title='bbox 541 2801 592 2864; x_wconf 80' lang='lat' dir='ltr'>cni</span> <span class='ocrx_word' id='word_1_211' title='bbox 613 2801 700 2882; x_wconf 91' lang='lat' dir='ltr'>quod</span> <span class='ocrx_word' id='word_1_212' title='bbox 721 2801 875 2864; x_wconf 87' lang='lat' dir='ltr'>abundat.</span> <span class='ocrx_word' id='word_1_213' title='bbox 919 2799 1152 2881; x_wconf 89' lang='lat' dir='ltr'>exspectandus</span> <span class='ocrx_word' id='word_1_214' title='bbox 1173 2798 1258 2861; x_wconf 90' lang='lat' dir='ltr'>enim</span> <span class='ocrx_word' id='word_1_215' title='bbox 1280 2802 1328 2862; x_wconf 91' lang='lat' dir='ltr'>est</span> <span class='ocrx_word' id='word_1_216' title='bbox 1349 2799 1401 2860; x_wconf 82' lang='lat' dir='ltr'>hic</span> <span class='ocrx_word' id='word_1_217' title='bbox 1424 2818 1550 2860; x_wconf 88' lang='lat' dir='ltr'>sensus:</span> 
     </span>
     <span class='ocr_line' id='line_1_23' title="bbox 88 2904 1551 2989; baseline -0.003 -19"><span class='ocrx_word' id='word_1_218' title='bbox 88 2907 250 2970; x_wconf 89' lang='lat' dir='ltr'>Homerus</span> <span class='ocrx_word' id='word_1_219' title='bbox 279 2927 352 2969; x_wconf 89' lang='lat' dir='ltr'>cum</span> <span class='ocrx_word' id='word_1_220' title='bbox 380 2908 418 2969; x_wconf 89' lang='lat' dir='ltr'>de</span> <span class='ocrx_word' id='word_1_221' title='bbox 445 2907 535 2969; x_wconf 82' lang='lat' dir='ltr'>Circe</span> <span class='ocrx_word' id='word_1_222' title='bbox 563 2910 595 2969; x_wconf 89' lang='lat' dir='ltr'>et</span> <span class='ocrx_word' id='word_1_223' title='bbox 620 2906 758 2988; x_wconf 84' lang='lat' dir='ltr'>Calypso</span> <span class='ocrx_word' id='word_1_224' title='bbox 786 2907 913 2989; x_wconf 82' lang='lat' dir='ltr'>fabulas</span> <span class='ocrx_word' id='word_1_225' title='bbox 943 2910 1076 2982; x_wconf 84' lang='lat' dir='ltr'>sereret,</span> <span class='ocrx_word' id='word_1_226' title='bbox 1106 2909 1215 2968; x_wconf 88' lang='lat' dir='ltr'>tamen</span> <span class='ocrx_word' id='word_1_227' title='bbox 1244 2908 1346 2968; x_wconf 89' lang='lat' dir='ltr'>totam</span> <span class='ocrx_word' id='word_1_228' title='bbox 1374 2904 1551 2985; x_wconf 87' lang='lat' dir='ltr'>Odysseam</span> 
     </span>
     <span class='ocr_line' id='line_1_24' title="bbox 88 3011 1551 3095; baseline -0.001 -21"><span class='ocrx_word' id='word_1_229' title='bbox 88 3013 273 3094; x_wconf 90' lang='lat' dir='ltr'>Penelopen</span> <span class='ocrx_word' id='word_1_230' title='bbox 302 3014 510 3095; x_wconf 86' lang='lat' dir='ltr'>praedicandi</span> <span class='ocrx_word' id='word_1_231' title='bbox 541 3033 639 3077; x_wconf 88' lang='lat' dir='ltr'>causa</span> <span class='ocrx_word' id='word_1_232' title='bbox 668 3013 855 3094; x_wconf 80' lang='lat' dir='ltr'>composuit.</span> <span class='ocrx_word' id='word_1_233' title='bbox 907 3012 1143 3093; x_wconf 84' lang='lat' dir='ltr'>elegantissima</span> <span class='ocrx_word' id='word_1_234' title='bbox 1174 3012 1269 3093; x_wconf 80' lang='lat' dir='ltr'>igitur</span> <span class='ocrx_word' id='word_1_235' title='bbox 1299 3011 1424 3074; x_wconf 88' lang='lat' dir='ltr'>videtur</span> <span class='ocrx_word' id='word_1_236' title='bbox 1458 3011 1551 3073; x_wconf 91' lang='lat' dir='ltr'>lectio</span> 
     </span>
     <span class='ocr_line' id='line_1_25' title="bbox 90 3114 1349 3201; baseline 0 -19"><span class='ocrx_word' id='word_1_237' title='bbox 90 3119 209 3182; x_wconf 90' lang='lat' dir='ltr'>codicis</span> <span class='ocrx_word' id='word_1_238' title='bbox 231 3120 267 3196; x_wconf 91' lang='lat' dir='ltr'>V,</span> <span class='ocrx_word' id='word_1_239' title='bbox 288 3121 320 3181; x_wconf 93' lang='lat' dir='ltr'>in</span> <span class='ocrx_word' id='word_1_240' title='bbox 342 3140 406 3201; x_wconf 91' lang='lat' dir='ltr'>quo</span> <span class='ocrx_word' id='word_1_241' title='bbox 429 3121 474 3183; x_wconf 85' lang='lat' dir='ltr'>ita</span> <span class='ocrx_word' id='word_1_242' title='bbox 495 3141 528 3183; x_wconf 89' lang='lat' dir='ltr'>se</span> <span class='ocrx_word' id='word_1_243' title='bbox 552 3121 652 3183; x_wconf 90' lang='lat' dir='ltr'>habet</span> <span class='ocrx_word' id='word_1_244' title='bbox 674 3119 726 3181; x_wconf 91' lang='lat' dir='ltr'>hic</span> <span class='ocrx_word' id='word_1_245' title='bbox 744 3139 871 3182; x_wconf 89' lang='lat' dir='ltr'>versus:</span> <span class='ocrx_word' id='word_1_246' title='bbox 1342 3114 1349 3132; x_wconf 61' lang='lat'><strong>⁴</strong></span> 
     </span>
    </p>

    <p class='ocr_par' dir='ltr' id='par_1_4' title="bbox 394 3226 1231 3308">
     <span class='ocr_line' id='line_1_26' title="bbox 394 3226 1231 3308; baseline -0.002 -20"><span class='ocrx_word' id='word_1_247' title='bbox 394 3227 575 3308; x_wconf 88' lang='lat' dir='ltr'>Penelopae</span> <span class='ocrx_word' id='word_1_248' title='bbox 598 3227 696 3290; x_wconf 87' lang='lat' dir='ltr'>decus</span> <span class='ocrx_word' id='word_1_249' title='bbox 718 3229 766 3289; x_wconf 89' lang='lat' dir='ltr'>est</span> <span class='ocrx_word' id='word_1_250' title='bbox 787 3230 884 3307; x_wconf 88' lang='lat' dir='ltr'>atque</span> <span class='ocrx_word' id='word_1_251' title='bbox 906 3226 961 3289; x_wconf 92' lang='lat' dir='ltr'>uni</span> <span class='ocrx_word' id='word_1_252' title='bbox 984 3230 1075 3289; x_wconf 88' lang='lat' dir='ltr'>tanta</span> <span class='ocrx_word' id='word_1_253' title='bbox 1096 3228 1231 3306; x_wconf 85' lang='lat' dir='ltr'>paratur</span> 
     </span>
    </p>

    <p class='ocr_par' dir='ltr' id='par_1_5' title="bbox 16 3326 1583 4052">
     <span class='ocr_line' id='line_1_27' title="bbox 394 3326 700 3412; baseline 0.003 -19"><span class='ocrx_word' id='word_1_254' title='bbox 394 3331 496 3395; x_wconf 87' lang='lat' dir='ltr'>Scena</span> <span class='ocrx_word' id='word_1_255' title='bbox 518 3326 700 3412; x_wconf 85' lang='lat' dir='ltr'>puditiciae.</span> 
     </span>
     <span class='ocr_line' id='line_1_28' title="bbox 90 3435 1552 3520; baseline -0.001 -20"><span class='ocrx_word' id='word_1_256' title='bbox 90 3445 137 3501; x_wconf 84' lang='lat' dir='ltr'>est</span> <span class='ocrx_word' id='word_1_257' title='bbox 159 3437 245 3500; x_wconf 90' lang='lat' dir='ltr'>enim</span> <span class='ocrx_word' id='word_1_258' title='bbox 267 3458 325 3518; x_wconf 92' lang='lat' dir='ltr'>pro</span> <span class='ocrx_word' id='word_1_259' title='bbox 347 3443 420 3500; x_wconf 72' lang='lat' dir='ltr'>serit</span> <span class='ocrx_word' id='word_1_260' title='bbox 446 3439 586 3520; x_wconf 90' lang='lat' dir='ltr'>positum</span> <span class='ocrx_word' id='word_1_261' title='bbox 608 3442 656 3501; x_wconf 89' lang='lat' dir='ltr'>est</span> <span class='ocrx_word' id='word_1_262' title='bbox 684 3438 752 3500; x_wconf 92' lang='lat' dir='ltr'>iure</span> <span class='ocrx_word' id='word_1_263' title='bbox 775 3435 931 3499; x_wconf 88' lang='lat' dir='ltr'>sermonis</span> <span class='ocrx_word' id='word_1_264' title='bbox 956 3436 1081 3516; x_wconf 90' lang='lat' dir='ltr'>poetici.</span> <span class='ocrx_word' id='word_1_265' title='bbox 1125 3435 1249 3517; x_wconf 88' lang='lat' dir='ltr'>peiores</span> <span class='ocrx_word' id='word_1_266' title='bbox 1271 3439 1380 3498; x_wconf 85' lang='lat' dir='ltr'>autern</span> <span class='ocrx_word' id='word_1_267' title='bbox 1408 3435 1479 3498; x_wconf 91' lang='lat' dir='ltr'>libri</span> <span class='ocrx_word' id='word_1_268' title='bbox 1509 3435 1552 3499; x_wconf 87' lang='lat' dir='ltr'>ita</span> 
     </span>
     <span class='ocr_line' id='line_1_29' title="bbox 90 3541 1551 3625; baseline -0.001 -20"><span class='ocrx_word' id='word_1_269' title='bbox 90 3543 229 3606; x_wconf 87' lang='lat' dir='ltr'>habent:</span> <span class='ocrx_word' id='word_1_270' title='bbox 262 3543 412 3625; x_wconf 82' lang='lat' dir='ltr'>Penelope</span> <span class='ocrx_word' id='word_1_271' title='bbox 434 3545 528 3607; x_wconf 80' lang='lat' dir='ltr'>decus</span> <span class='ocrx_word' id='word_1_272' title='bbox 550 3549 643 3625; x_wconf 74' lang='lat' dir='ltr'>utqire</span> <span class='ocrx_word' id='word_1_273' title='bbox 665 3563 757 3606; x_wconf 72' lang='lat' dir='ltr'>annm</span> <span class='ocrx_word' id='word_1_274' title='bbox 783 3543 835 3605; x_wconf 88' lang='lat' dir='ltr'>eni</span> <span class='ocrx_word' id='word_1_275' title='bbox 856 3548 947 3605; x_wconf 85' lang='lat' dir='ltr'>tonte</span> <span class='ocrx_word' id='word_1_276' title='bbox 962 3549 1115 3624; x_wconf 81' lang='lat' dir='ltr'>paretur.</span> <span class='ocrx_word' id='word_1_277' title='bbox 1159 3544 1221 3606; x_wconf 88' lang='lat' dir='ltr'>hac</span> <span class='ocrx_word' id='word_1_278' title='bbox 1244 3559 1282 3606; x_wconf 90' lang='lat' dir='ltr'>ex</span> <span class='ocrx_word' id='word_1_279' title='bbox 1304 3541 1438 3606; x_wconf 90' lang='lat' dir='ltr'>lectione</span> <span class='ocrx_word' id='word_1_280' title='bbox 1460 3542 1551 3605; x_wconf 89' lang='lat' dir='ltr'>facile</span> 
     </span>
     <span class='ocr_line' id='line_1_30' title="bbox 91 3648 1551 3732; baseline 0.001 -20"><span class='ocrx_word' id='word_1_281' title='bbox 91 3650 275 3712; x_wconf 86' lang='lat' dir='ltr'>coniectura</span> <span class='ocrx_word' id='word_1_282' title='bbox 298 3650 417 3713; x_wconf 89' lang='lat' dir='ltr'>librarii</span> <span class='ocrx_word' id='word_1_283' title='bbox 439 3651 468 3712; x_wconf 86' lang='lat' dir='ltr'>X</span> <span class='ocrx_word' id='word_1_284' title='bbox 496 3651 623 3713; x_wconf 87' lang='lat' dir='ltr'>iluxisse</span> <span class='ocrx_word' id='word_1_285' title='bbox 645 3651 771 3712; x_wconf 89' lang='lat' dir='ltr'>videtur</span> <span class='ocrx_word' id='word_1_286' title='bbox 800 3649 993 3712; x_wconf 88' lang='lat' dir='ltr'>stultissima.</span> <span class='ocrx_word' id='word_1_287' title='bbox 1013 3654 1017 3661; x_wconf 85' lang='lat'>&#39;</span> <span class='ocrx_word' id='word_1_288' title='bbox 1037 3653 1073 3712; x_wconf 92' lang='lat' dir='ltr'>ut</span> <span class='ocrx_word' id='word_1_289' title='bbox 1102 3650 1187 3712; x_wconf 90' lang='lat' dir='ltr'>enim</span> <span class='ocrx_word' id='word_1_290' title='bbox 1219 3650 1261 3713; x_wconf 89' lang='lat' dir='ltr'>ad</span> <span class='ocrx_word' id='word_1_291' title='bbox 1290 3648 1421 3732; x_wconf 75' lang='lat' dir='ltr'>Cyclops</span> <span class='ocrx_word' id='word_1_292' title='bbox 1451 3651 1551 3730; x_wconf 88' lang='lat' dir='ltr'>parti·</span> 
     </span>
     <span class='ocr_line' id='line_1_31' title="bbox 16 3754 1583 3839; baseline 0 -21"><span class='ocrx_word' id='word_1_293' title='bbox 16 3780 26 3787; x_wconf 93' lang='lat'><em>·</em></span> <span class='ocrx_word' id='word_1_294' title='bbox 91 3756 211 3837; x_wconf 89' lang='lat' dir='ltr'>cipium</span> <span class='ocrx_word' id='word_1_295' title='bbox 240 3757 401 3820; x_wconf 87' lang='lat' dir='ltr'>adiectum</span> <span class='ocrx_word' id='word_1_296' title='bbox 423 3761 470 3820; x_wconf 90' lang='lat' dir='ltr'>est</span> <span class='ocrx_word' id='word_1_297' title='bbox 498 3758 675 3839; x_wconf 74' lang='lat' dir='ltr'>secerdotes</span> <span class='ocrx_word' id='word_1_298' title='bbox 698 3761 729 3820; x_wconf 92' lang='lat' dir='ltr'>et</span> <span class='ocrx_word' id='word_1_299' title='bbox 750 3763 923 3836; x_wconf 84' lang='lat' dir='ltr'>contempto</span> <span class='ocrx_word' id='word_1_300' title='bbox 952 3756 995 3818; x_wconf 88' lang='lat' dir='ltr'>ad</span> <span class='ocrx_word' id='word_1_301' title='bbox 1017 3754 1171 3838; x_wconf 72' lang='lat' dir='ltr'>Calypso,</span> <span class='ocrx_word' id='word_1_302' title='bbox 1201 3755 1246 3818; x_wconf 89' lang='lat' dir='ltr'>ita</span> <span class='ocrx_word' id='word_1_303' title='bbox 1275 3755 1325 3817; x_wconf 92' lang='lat' dir='ltr'>ille</span> <span class='ocrx_word' id='word_1_304' title='bbox 1346 3755 1551 3837; x_wconf 86' lang='lat' dir='ltr'>participium</span> <span class='ocrx_word' id='word_1_305' title='bbox 1579 3754 1583 3760; x_wconf 82' lang='grc'><strong>’</strong></span> 
     </span>
     <span class='ocr_line' id='line_1_32' title="bbox 91 3862 1446 3947; baseline 0 -22"><span class='ocrx_word' id='word_1_306' title='bbox 91 3863 134 3926; x_wconf 85' lang='lat' dir='ltr'>ad</span> <span class='ocrx_word' id='word_1_307' title='bbox 156 3863 390 3926; x_wconf 87' lang='lat' dir='ltr'>nominativum</span> <span class='ocrx_word' id='word_1_308' title='bbox 415 3864 567 3947; x_wconf 83' lang='lat' dir='ltr'>Penelope</span> <span class='ocrx_word' id='word_1_309' title='bbox 588 3865 771 3927; x_wconf 88' lang='lat' dir='ltr'>desiderans</span> <span class='ocrx_word' id='word_1_310' title='bbox 793 3863 923 3944; x_wconf 90' lang='lat' dir='ltr'>proprio</span> <span class='ocrx_word' id='word_1_311' title='bbox 944 3863 1046 3924; x_wconf 90' lang='lat' dir='ltr'>Marte</span> <span class='ocrx_word' id='word_1_312' title='bbox 1069 3862 1146 3924; x_wconf 88' lang='lat' dir='ltr'>illud</span> <span class='ocrx_word' id='word_1_313' title='bbox 1169 3881 1250 3925; x_wconf 75' lang='lat' dir='ltr'>erese</span> <span class='ocrx_word' id='word_1_314' title='bbox 1271 3882 1368 3925; x_wconf 89' lang='lat' dir='ltr'>ausus</span> <span class='ocrx_word' id='word_1_315' title='bbox 1390 3868 1446 3925; x_wconf 90' lang='lat' dir='ltr'>est.</span> 
     </span>
     <span class='ocr_line' id='line_1_33' title="bbox 90 3970 465 4052; baseline 0.003 -20"><span class='ocrx_word' id='word_1_316' title='bbox 90 3971 126 4032; x_wconf 94' lang='lat' dir='ltr'>ln</span> <span class='ocrx_word' id='word_1_317' title='bbox 150 3970 313 4033; x_wconf 86' lang='lat' dir='ltr'>Curetium</span> <span class='ocrx_word' id='word_1_318' title='bbox 334 3972 347 4033; x_wconf 91' lang='grc' dir='ltr'>Ι</span> <span class='ocrx_word' id='word_1_319' title='bbox 368 3974 465 4052; x_wconf 79' lang='lat' dir='ltr'>tlsqq.</span> 
     </span>
    </p>

    <p class='ocr_par' dir='ltr' id='par_1_6' title="bbox 376 4077 1264 4159">
     <span class='ocr_line' id='line_1_34' title="bbox 376 4077 1264 4159; baseline 0.001 -20"><span class='ocrx_word' id='word_1_320' title='bbox 376 4077 524 4158; x_wconf 84' lang='lat' dir='ltr'>Namque</span> <span class='ocrx_word' id='word_1_321' title='bbox 545 4078 639 4140; x_wconf 80' lang='lat' dir='ltr'>atride</span> <span class='ocrx_word' id='word_1_322' title='bbox 661 4078 775 4141; x_wconf 87' lang='lat' dir='ltr'>lambit</span> <span class='ocrx_word' id='word_1_323' title='bbox 794 4077 969 4140; x_wconf 90' lang='lat' dir='ltr'>meretricis</span> <span class='ocrx_word' id='word_1_324' title='bbox 992 4078 1083 4140; x_wconf 85' lang='lat' dir='ltr'>labra</span> <span class='ocrx_word' id='word_1_325' title='bbox 1105 4080 1264 4159; x_wconf 88' lang='lat' dir='ltr'>superbae</span> 
     </span>
    </p>

    <p class='ocr_par' dir='ltr' id='par_1_7' title="bbox 376 4183 1125 4478">
     <span class='ocr_line' id='line_1_35' title="bbox 435 4183 1099 4264; baseline 0 -18"><span class='ocrx_word' id='word_1_326' title='bbox 435 4183 634 4247; x_wconf 79' lang='lat' dir='ltr'>Consunrens</span> <span class='ocrx_word' id='word_1_327' title='bbox 656 4185 732 4247; x_wconf 89' lang='lat' dir='ltr'>luxu</span> <span class='ocrx_word' id='word_1_328' title='bbox 753 4183 944 4264; x_wconf 85' lang='lat' dir='ltr'>flagitiisque</span> <span class='ocrx_word' id='word_1_329' title='bbox 967 4184 1099 4247; x_wconf 88' lang='lat' dir='ltr'>domum</span> 
     </span>
     <span class='ocr_line' id='line_1_36' title="bbox 376 4290 1103 4372; baseline 0.003 -20"><span class='ocrx_word' id='word_1_330' title='bbox 376 4291 415 4353; x_wconf 84' lang='lat' dir='ltr'>Et</span> <span class='ocrx_word' id='word_1_331' title='bbox 436 4311 516 4371; x_wconf 89' lang='lat' dir='ltr'>quas</span> <span class='ocrx_word' id='word_1_332' title='bbox 539 4291 660 4354; x_wconf 84' lang='lat' dir='ltr'>fallacis</span> <span class='ocrx_word' id='word_1_333' title='bbox 682 4290 807 4371; x_wconf 80' lang='lat' dir='ltr'>collegit</span> <span class='ocrx_word' id='word_1_334' title='bbox 827 4290 937 4370; x_wconf 83' lang='lat' dir='ltr'>lingua</span> <span class='ocrx_word' id='word_1_335' title='bbox 960 4291 1103 4372; x_wconf 89' lang='lat' dir='ltr'>parentis</span> 
     </span>
     <span class='ocr_line' id='line_1_37' title="bbox 434 4397 1125 4478; baseline -0.001 -17"><span class='ocrx_word' id='word_1_336' title='bbox 434 4398 502 4461; x_wconf 91' lang='lat' dir='ltr'>Has</span> <span class='ocrx_word' id='word_1_337' title='bbox 524 4398 638 4460; x_wconf 90' lang='lat' dir='ltr'>eadem</span> <span class='ocrx_word' id='word_1_338' title='bbox 659 4397 727 4460; x_wconf 86' lang='lat' dir='ltr'>nati</span> <span class='ocrx_word' id='word_1_339' title='bbox 747 4397 856 4477; x_wconf 79' lang='lat' dir='ltr'>lingua</span> <span class='ocrx_word' id='word_1_340' title='bbox 878 4397 1017 4461; x_wconf 86' lang='lat' dir='ltr'>refundit</span> <span class='ocrx_word' id='word_1_341' title='bbox 1040 4418 1125 4478; x_wconf 86' lang='lat' dir='ltr'>opes</span> 
     </span>
    </p>

    <p class='ocr_par' dir='ltr' id='par_1_8' title="bbox 10 4500 1551 4795">
     <span class='ocr_line' id='line_1_38' title="bbox 90 4500 1551 4585; baseline 0 -22"><span class='ocrx_word' id='word_1_342' title='bbox 90 4500 257 4565; x_wconf 87' lang='lat' dir='ltr'>Xhabuit</span> <span class='ocrx_word' id='word_1_343' title='bbox 280 4510 313 4565; x_wconf 87' lang='lat' dir='ltr'>nt</span> <span class='ocrx_word' id='word_1_344' title='bbox 334 4525 431 4583; x_wconf 77' lang='lat' dir='ltr'>qnos,</span> <span class='ocrx_word' id='word_1_345' title='bbox 460 4506 546 4585; x_wconf 91' lang='lat' dir='ltr'>quod</span> <span class='ocrx_word' id='word_1_346' title='bbox 570 4505 648 4566; x_wconf 92' lang='lat' dir='ltr'>nihil</span> <span class='ocrx_word' id='word_1_347' title='bbox 670 4504 771 4580; x_wconf 84' lang='lat' dir='ltr'>valet,</span> <span class='ocrx_word' id='word_1_348' title='bbox 802 4504 862 4566; x_wconf 92' lang='lat' dir='ltr'>nisi</span> <span class='ocrx_word' id='word_1_349' title='bbox 883 4505 1057 4567; x_wconf 87' lang='lat' dir='ltr'>statuasX</span> <span class='ocrx_word' id='word_1_350' title='bbox 1087 4505 1236 4568; x_wconf 91' lang='lat' dir='ltr'>inversu</span> <span class='ocrx_word' id='word_1_351' title='bbox 1264 4504 1409 4584; x_wconf 85' lang='lat' dir='ltr'>sequenti</span> <span class='ocrx_word' id='word_1_352' title='bbox 1440 4502 1551 4582; x_wconf 83' lang='lat' dir='ltr'>legisse</span> 
     </span>
     <span class='ocr_line' id='line_1_39' title="bbox 91 4606 1550 4692; baseline 0 -22"><span class='ocrx_word' id='word_1_353' title='bbox 91 4606 265 4689; x_wconf 58' lang='lat' dir='ltr'>refundet·</span> <span class='ocrx_word' id='word_1_354' title='bbox 299 4610 331 4672; x_wconf 93' lang='lat' dir='ltr'>id</span> <span class='ocrx_word' id='word_1_355' title='bbox 359 4611 450 4674; x_wconf 85' lang='lat' dir='ltr'>facile</span> <span class='ocrx_word' id='word_1_356' title='bbox 483 4612 649 4691; x_wconf 76' lang='lat' dir='ltr'>neglegere</span> <span class='ocrx_word' id='word_1_357' title='bbox 676 4615 803 4692; x_wconf 91' lang='lat' dir='ltr'>poterat</span> <span class='ocrx_word' id='word_1_358' title='bbox 831 4611 1025 4682; x_wconf 59' lang='lat' dir='ltr'>Claverius„</span> <span class='ocrx_word' id='word_1_359' title='bbox 1052 4613 1108 4675; x_wconf 88' lang='lat' dir='ltr'>sed</span> <span class='ocrx_word' id='word_1_360' title='bbox 1143 4611 1268 4674; x_wconf 88' lang='lat' dir='ltr'>etiamsi</span> <span class='ocrx_word' id='word_1_361' title='bbox 1298 4612 1342 4674; x_wconf 90' lang='lat' dir='ltr'>ita</span> <span class='ocrx_word' id='word_1_362' title='bbox 1372 4610 1550 4684; x_wconf 88' lang='lat' dir='ltr'>statuimus,</span> 
     </span>
     <span class='ocr_line' id='line_1_40' title="bbox 10 4717 892 4795; baseline 0.002 -17"><span class='ocrx_word' id='word_1_363' title='bbox 10 4734 13 4739; x_wconf 88' lang='lat'>·</span> <span class='ocrx_word' id='word_1_364' title='bbox 90 4719 203 4778; x_wconf 88' lang='lat' dir='ltr'>tamen</span> <span class='ocrx_word' id='word_1_365' title='bbox 228 4717 303 4795; x_wconf 90' lang='lat' dir='ltr'>quin</span> <span class='ocrx_word' id='word_1_366' title='bbox 327 4719 407 4781; x_wconf 86' lang='lat' dir='ltr'>l&#39;alsa</span> <span class='ocrx_word' id='word_1_367' title='bbox 430 4718 522 4781; x_wconf 88' lang='lat' dir='ltr'>lectio</span> <span class='ocrx_word' id='word_1_368' title='bbox 544 4718 584 4781; x_wconf 86' lang='lat' dir='ltr'>sit</span> <span class='ocrx_word' id='word_1_369' title='bbox 605 4738 701 4782; x_wconf 93' lang='lat' dir='ltr'>nemo</span> <span class='ocrx_word' id='word_1_370' title='bbox 724 4718 892 4781; x_wconf 89' lang='lat' dir='ltr'>dubitabit.</span> 
     </span>
    </p>
   </div>
   <div class='ocr_carea' id='block_1_4' title="bbox 0 0 1744 5356">
    <p class='ocr_par' dir='ltr' id='par_1_9' title="bbox 0 0 1744 5356">
     <span class='ocr_line' id='line_1_41' title="bbox 0 0 1744 5356; baseline 0 0"><span class='ocrx_word' id='word_1_371' title='bbox 0 0 1744 5356; x_wconf 95' lang='lat' dir='ltr'> </span> 
     </span>
    </p>
   </div>
  </div>
 </body>
</html>
