3472 5392
847 407 888 468 la

143 587 363 668 ‹prinestioncm
383 589 523 649 nostram
545 584 745 665 primordia.
785 603 870 647 aram
889 584 1128 665 ambigimus
1148 586 1394 653 Mediolanensis
1413 611 1435 655 a
1450 590 1594 654 cardinali

143 692 168 756 F
169 692 295 755 oderico
316 692 527 768 Borromaeo,
557 691 611 771 qui
633 709 698 754 non
720 690 821 753 multo
843 694 918 753 ante
939 691 1088 772 auspiciis
1110 692 1281 757 Clementis
1301 695 1370 759 vlu
1396 716 1504 779 papae
1525 696 1596 760 Am-

143 797 328 862 brosianum
367 797 595 860 bibliothecam
640 796 842 872 condiderat,
882 797 915 859 in
952 796 1175 877 Germaniam,
1216 800 1362 881 Belgium
1403 802 1597 884 Galliamque

141 902 256 965 nrissus
277 907 334 980 est,
357 907 393 965 ut
407 903 527 983 ubique
548 902 646 966 libros
666 902 901 982 manuscriptos
923 908 1081 984 quotquot
1103 904 1171 968 fieri
1191 911 1299 987 posset
1319 907 1353 970 in
1373 928 1470 972 usum
1490 908 1598 972 biblio-

141 1009 255 1071 thecae
283 1008 418 1071 recentis
445 1008 632 1090 acquireret.
676 1027 740 1088 quo
769 1027 902 1070 nmnere
931 1008 1066 1089 iungens
1087 1010 1322 1076 ambrosianae
1344 1013 1396 1076 ille
1424 1014 1598 1095 praefectus

141 1115 282 1197 primum
291 1114 457 1194 Augustae
469 1114 561 1178 Vind.
575 1118 719 1177 moratus
737 1117 793 1190 cst,
816 1113 931 1176 deinde
944 1114 1154 1193 Francofurti,
1176 1117 1232 1180 ubi
1247 1123 1340 1182 erant
1351 1119 1538 1197 mundinae,
1561 1121 1599 1184 ad

141 1241 223 1303 quas
243 1224 320 1284 eunt
348 1240 414 1284 non
433 1221 530 1284 modo
553 1221 734 1302 trequentes
756 1220 900 1297 accolae,
931 1220 988 1283 scd
1009 1226 1207 1286 remotarum
1236 1224 1380 1304 gentium
1409 1229 1599 1290 mercatores

140 1330 272 1409 propter
290 1326 423 1407 emporii
446 1326 688 1417 celebritatem.
709 1375 716 1388 .
735 1375 768 1389 ..
807 1346 881 1389 cum
903 1331 1010 1389 autem
1031 1328 1194 1393 variarum
1215 1331 1384 1397 nationum
1407 1336 1599 1397 mercatores

141 1431 210 1513 (ibi)
232 1452 270 1496 eo
289 1436 433 1514 tempore
457 1432 661 1525 conueniant,
685 1433 820 1514 emptori
843 1437 967 1513 prostat
988 1434 1145 1516 quidquid
1164 1436 1294 1515 pretiosi
1314 1457 1456 1519 usquam
1476 1442 1528 1501 est
1547 1442 1599 1501 aut

141 1538 173 1602 in
193 1538 302 1619 Belgio
330 1542 386 1602 aut
416 1539 447 1601 in
476 1538 584 1602 Galliis
610 1537 660 1602 vel
688 1539 777 1621 apud
806 1539 1002 1603 Gennanos'.
1052 1545 1122 1604 tum
1151 1546 1260 1605 autem
1289 1542 1436 1624 Olgiatus
1465 1564 1497 1607 a.
1524 1546 1598 1608 1608

139 1664 249 1709 mense
270 1645 418 1708 Ianuario
441 1646 473 1708 in
496 1645 598 1726 ipsam
620 1645 780 1709 Lutetiam
798 1646 995 1709 Parisiorum
1016 1649 1112 1725 venit,
1132 1648 1188 1710 ubi
1210 1648 1291 1712 inter
1313 1650 1392 1715 alios
1415 1650 1505 1713 viros
1527 1651 1598 1714 doc-

139 1751 277 1815 tissimos
298 1751 340 1814 ab
362 1751 508 1831 Augusto
529 1752 683 1829 Tlruano,
714 1769 854 1833 quocum
877 1749 1025 1813 Cuiaeius
1045 1749 1289 1813 santiliarissime
1311 1751 1359 1814 uti
1376 1752 1494 1815 solitus
1524 1756 1597 1829 erat,

138 1857 378 1938 perhumaniter
390 1862 537 1939 rcccptus
558 1862 606 1921 est
622 1862 719 1939 atque
741 1858 796 1921 ubi
813 1858 974 1937 plmimos
992 1855 1113 1920 codices
1132 1857 1278 1921 coemisse
1294 1857 1419 1921 dicitur.
1461 1859 1598 1941 denique

138 1964 303 2046 Lugduni,
333 1964 366 2027 in
393 1984 512 2045 inagna
542 1964 594 2027 illo
624 1964 870 2045 bibliopolarum
898 1963 1058 2044 emporio,
1090 1963 1229 2027 substitit
1250 1965 1305 2026 ubi
1333 1963 1451 2041 iterum
1483 1966 1599 2030 multos
1626 1970 1631 1977 ’

138 2071 236 2134 libros
258 2071 458 2152 comparavit
478 2071 653 2152 decemque
675 2090 767 2134 arcas
796 2071 846 2133 his
867 2070 999 2133 refertas
1020 2069 1095 2132 inde
1120 2069 1254 2132 domum
1276 2089 1310 2133 se
1330 2070 1455 2134 misisse
1478 2071 1548 2153 ipse
1568 2073 1598 2135 in

140 2176 276 2259 epistula
294 2177 337 2240 ad
354 2177 585 2241 Borromaeum
608 2178 685 2241 data
706 2181 850 2241 testatur.
889 2176 1118 2257 Lugdunenses
1137 2181 1246 2239 autem
1270 2177 1462 2258 bibliopolas
1486 2178 1597 2242 biblio-

138 2282 253 2347 thecae
286 2283 478 2347 Cuiacianae
517 2284 581 2347 t'ere
620 2284 796 2347 maximam
828 2287 955 2364 partem
987 2283 1020 2345 in
1057 2281 1205 2346 auctione
1239 2282 1352 2346 emisse
1388 2283 1505 2348 fabula
1544 2284 1598 2349 fuit

139 2387 335 2471 (Spengenb.
363 2410 394 2471 p.
416 2388 468 2470 ed)
498 2410 632 2470 eosque,
662 2389 781 2471 quippe
809 2409 890 2471 quos
919 2388 1152 2469 impigerrimos
1179 2388 1333 2452 librorum
1366 2391 1597 2471 conquisitores

138 2495 233 2560 fuisse
254 2500 394 2573 constet,
424 2516 489 2559 non
512 2516 648 2578 parram
670 2500 755 2558 certe
776 2495 844 2558 eius
864 2498 991 2577 partem
1012 2495 1045 2557 in
1067 2495 1298 2575 possessionem
1323 2514 1420 2558 suam
1439 2496 1596 2578 redegisse

137 2620 196 2682 pro
219 2605 305 2664 certo
323 2602 435 2665 haberi
458 2606 571 2683 potest,
596 2603 704 2683 itaque
718 2602 780 2665 hae
802 2601 834 2664 in
857 2602 936 2664 urbe
955 2601 1098 2664 codicem
1119 2606 1266 2664 nostrum
1282 2602 1315 2664 M
1336 2600 1466 2682 Olgiato
1489 2623 1595 2666 occur·

137 2707 215 2771 risse
237 2707 303 2770 veri
334 2727 398 2771 non
427 2708 577 2770 dissimile
603 2708 682 2770 mihi
708 2707 842 2771 ridetur.
892 2726 1091 2789 quamquam
1119 2711 1225 2788 potest
1254 2707 1287 2770 id
1316 2707 1416 2771 etiam
1444 2709 1594 2773 accidisse
1627 2730 1632 2740 ·

137 2813 282 2888 Parisiis3
313 2832 390 2876 narn
419 2813 458 2877 de
479 2814 685 2895 lsengriniani
708 2814 876 2879 Claudiani
899 2814 1073 2895 exernplari
1094 2814 1170 2877 olim
1192 2814 1382 2892 Cuiaeiano,
1413 2834 1504 2879 nunc
1523 2815 1593 2880 Got-

139 2919 273 2999 tingensi
296 2939 394 3001 supra
416 2940 446 3001 p.
472 2926 491 2985 u
513 2942 573 3002 ope
593 2921 723 2985 Gesneri
746 2921 901 2998 vidimus,
931 2921 963 2984 id
984 2920 1133 3000 Biturigis
1155 2920 1294 2985 Parisios
1312 2921 1511 2986 translatum
1531 2942 1592 2986 esse

138 3025 245 3107 ibique
267 3025 386 3089 ltiverii
409 3027 471 3090 lati
501 3027 594 3090 tuisse
623 3047 724 3108 usque
753 3027 796 3090 ad
824 3046 946 3090 animm
976 3027 1064 3090 1661.
1108 3027 1241 3090 fortasse
1269 3027 1484 3108 manuscripti
1503 3028 1592 3092 Clau-

138 3132 243 3195 dianoi
274 3132 366 3195 siam]
393 3153 431 3195 co
460 3139 622 3197 verterant.
667 3138 751 3197 certe
781 3135 849 3215 ipsa
870 3133 1036 3196 Avenione
1058 3132 1203 3214 Olgiatus
1234 3133 1378 3197 codicem
1396 3134 1431 3197 M
1460 3134 1517 3198 vix
1544 3153 1592 3198 ac·

137 3236 327 3320 qaisiverat,
359 3259 435 3303 nam
464 3240 496 3303 in
522 3240 660 3322 patriam
693 3240 880 3303 retlcuntem
911 3240 997 3303 illam
1026 3240 1139 3303 urbem
1166 3259 1241 3302 eum
1268 3258 1334 3303 non
1363 3240 1424 3302 nisi
1456 3241 1591 3332 tetigisse

138 3345 304 3427 nullasque
335 3346 376 3408 ibi
406 3346 515 3408 iecisse.
545 3348 722 3428 eruptiones
750 3367 788 3410 ex
810 3347 955 3410 Bosclrae
983 3330 1064 3410 libro
1090 3348 1203 3428 colligo
1215 3345 1247 3427 1).
1297 3347 1393 3427 igitur
1420 3347 1448 3410 si
1476 3347 1593 3412 tumM

137 3452 352 3515 Mediolanum
374 3453 497 3515 vitiasse
519 3453 711 3534 accipimus,
743 3454 985 3517 adnotationem
1005 3454 1093 3517 illam
1113 3457 1147 3517 in
1170 3455 1287 3519 codicis
1308 3455 1409 3519 nostri
1431 3456 1592 3519 involucro

138 3558 178 3622 do
200 3558 366 3621 dvonioao
389 3558 532 3622 :uldilam
561 3579 626 3622 non
648 3560 690 3622 ab
711 3559 837 3639 tilgiato
861 3565 930 3623 tum
958 3560 1143 3641 inscriptam
1172 3581 1239 3624 csse
1267 3565 1413 3643 apparet.
1457 3562 1593 3644 denique

139 3664 223 3728 tirvct
250 3664 310 3727 bac
340 3668 469 3728 nostrae
499 3665 717 3743 coniecturae,
745 3686 810 3747 qua
839 3667 1062 3730 contendimus
1084 3667 1250 3731 Cuiacium
1278 3668 1422 3732 codicem
1442 3667 1593 3733 Mediola-

138 3789 268 3834 nensem
293 3768 325 3833 M
347 3772 366 3831 u
388 3790 456 3851 sap.
479 3771 645 3835 Aveuione
667 3772 727 3834 sibi
751 3772 964 3853 acquisivisse.
1465 3760 1472 3765 ’

223 3874 313 3939 llaec
337 3874 377 3937 do
401 3876 489 3939 varia
512 3878 629 3941 codicis
654 3878 753 3941 nostri
775 3878 904 3942 fortuna
926 3898 1010 3960 quae
1032 3881 1121 3960 potui
1143 3900 1254 3943 eruere
1276 3900 1425 3962 quaeque
1451 3882 1595 3946 conside

138 3981 262 4047 ratiimo
286 4000 348 4046 noa
373 3982 466 4063 plarm
491 3982 621 4063 indigna
643 4004 711 4048 esse.
732 4004 834 4066 spero.

265 4170 288 4237 l)
307 4170 479 4237 Quamquam
499 4169 571 4223 onim
594 4171 697 4227 ttoecha
716 4192 741 4242 p.
753 4173 784 4224 12
803 4172 871 4225 dicit
889 4174 953 4241 ⁴tres
973 4172 1054 4226 modo
1073 4173 1155 4226 urbes
1172 4174 1202 4226 in
1220 4191 1252 4228 ea
1272 4174 1415 4243 provincia
1433 4176 1481 4245 (sc.
1494 4176 1597 4239 Gallia)
1624 4205 1627 4209 ·

137 4252 171 4307 ad
194 4252 324 4307 librorum
353 4254 581 4323 conquisitionem
609 4257 766 4327 exploratas
794 4257 876 4311 irrisae
899 4258 1062 4327 reperimus’
1081 4289 1109 4298 ·—
1132 4277 1247 4327 quaram
1270 4261 1400 4316 nimirum
1425 4262 1523 4333 prima
1546 4263 1599 4319 fuit

140 4338 249 4393 laitatia
272 4338 445 4403 Parisiorum,
473 4342 562 4395 altera
581 4342 759 4410 Imgdmmar,
783 4342 870 4411 igitar
889 4343 973 4397 tertia
992 4345 1097 4399 dvenio
1116 4363 1175 4399 esse
1195 4347 1303 4401 videtur
1324 4379 1358 4386 -
1377 4352 1473 4402 tamen
1501 4351 1556 4405 hae
1570 4351 1600 4404 in

137 4425 203 4479 arba
221 4424 365 4493 tttgiatma
385 4426 489 4479 cortices
509 4445 562 4481 aaa
579 4446 750 4497 coraparasso
769 4446 801 4481 ex
820 4446 852 4483 eo
873 4429 1014 4493 concludo,
1035 4431 1108 4497 qaod
1124 4432 1239 4500 legimus
1257 4452 1283 4502 p.
1296 4435 1340 4486 13:
1360 4452 1401 4503 ,ex
1419 4422 1600 4504 Lugdunensi

138 4509 339 4579 riorrqaiaitiima
359 4512 497 4581 protectus
515 4514 560 4579 (ac.
577 4512 715 4581 olgtaaat
734 4518 776 4567 rest
795 4514 976 4571 avenionem:
996 4516 1061 4570 inde.
1080 4517 1106 4570 in
1127 4518 1236 4571 Italiam
1257 4537 1380 4573 reversas
1398 4520 1518 4576 Taarini
1537 4524 1599 4578 sab-

137 4596 228 4651 stitit'.
268 4596 290 4649 ai
311 4597 382 4649 caini
402 4596 432 4651 0.
446 4599 586 4653 Avoaioae
605 4600 689 4653 libros
709 4600 827 4665 earisset,
847 4602 950 4657 Boscba
969 4608 1043 4658 certe
1061 4605 1089 4657 id
1107 4624 1219 4660 narrare
1237 4624 1293 4660 non
1312 4608 1457 4661 omisisset.
