3472 5392
844 468 882 530 la

135 667 209 711 cum
232 648 272 710 de
294 647 425 711 Cuiacio
446 651 628 712 nostrorum
651 648 878 728 marginalium
900 650 1030 710 auctore
1054 647 1194 710 dubitari
1216 651 1301 709 certe
1323 666 1388 708 non
1410 648 1531 727 possit,
1559 669 1597 712 ne

136 753 364 835 perspicuitate
392 773 466 817 mea
496 753 670 836 disputatio
700 758 826 831 careat,
856 773 989 818 manum
1016 757 1048 816 ct
1069 754 1209 835 primam
1230 757 1261 816 et
1282 757 1433 834 quartam
1454 754 1487 816 in
1512 755 1597 817 lsen-

136 859 248 938 griano
265 862 410 923 extantes
426 859 617 924 Cuiacianas
633 861 800 925 nominare
817 879 951 942 pergam
971 860 1058 941 quod
1081 880 1145 944 quo
1167 881 1262 924 sensu
1278 860 1380 941 accipi
1396 860 1493 924 velim
1512 881 1598 925 nunc

137 963 214 1028 satis
236 965 406 1029 declaravi.

722 1244 1013 1254 ——-——-—-—-

770 1502 881 1586 Gaput
902 1499 966 1567 111.

369 1657 410 1743 lu
434 1656 550 1743 tuiaeii
573 1655 795 1762 marginalium
821 1654 1012 1761 claudique
1037 1652 1172 1740 ulium
1195 1677 1357 1741 consensu.

261 1838 351 1914 Quae
382 1856 455 1900 cum
484 1836 529 1900 ita
558 1836 636 1913 sint,
666 1836 692 1900 si
720 1836 753 1898 in
780 1855 914 1917 operam
944 1835 1161 1917 inquiramus,
1190 1855 1289 1916 quam
1317 1836 1350 1898 in
1378 1836 1599 1900 Claudianum

139 1944 288 2008 Cuiacius
309 1943 482 2024 impendit,
506 1943 551 2006 ita
573 1943 747 2024 disputatio
770 1942 970 2023 disponenda
992 1942 1051 2005 erit
1072 1945 1104 2005 et
1126 1942 1315 2017 dividenda,
1338 1945 1375 2004 ut
1395 1942 1503 2023 primo
1528 1943 1599 2006 loco

141 2070 344 2131 quaeramus
368 2053 478 2114 utrum
499 2049 723 2114 adnotationes
745 2069 812 2126 eae,
835 2068 917 2131 quas
937 2047 1102 2112 Glaverius
1117 2047 1247 2111 Cuiacio
1270 2048 1386 2111 debere
1408 2068 1442 2111 se
1464 2048 1598 2126 indicat,

139 2157 310 2220 concinant
332 2176 406 2220 cum
428 2156 475 2234 iis,
497 2176 578 2237 quas
600 2156 634 2219 in
656 2156 708 2220 illo
727 2156 845 2236 isengr.
872 2155 1046 2237 exemplari
1062 2154 1211 2219 Cuiacius
1233 2154 1300 2236 ipsc
1318 2153 1462 2231 tradidit,
1484 2174 1597 2217 necne.

262 2337 401 2422 Pauca
429 2339 541 2414 sunt,
571 2355 676 2416 quae
701 2356 748 2399 ex
769 2335 941 2400 Cuiacio
970 2335 1135 2399 nomine
1163 2335 1251 2398 eius
1280 2335 1477 2415 apposito
1509 2335 1597 2399 Cla-

139 2443 281 2506 verius
302 2437 483 2524 promat,
506 2461 610 2523 quae
633 2442 673 2504 in
693 2441 929 2523 lsengrinio
951 2460 1032 2504 non
1054 2441 1343 2504 inveniantur:

138 2574 212 2637 Rus.
233 2574 248 2649 Ι
270 2575 311 2638 35
331 2595 383 2655 pg.
401 2574 474 2637 aar.
517 2570 591 2654 Cui]
615 2572 649 2635 in
669 2575 731 2635 vet.
755 2571 880 2634 codice:
902 2570 1006 2648 Quem
1027 2590 1169 2651 semper,
1200 2574 1236 2633 ut
1261 2570 1408 2634 videatur
1436 2571 1529 2651 ,iungi
1544 2575 1597 2652 ,τῷ

218 2681 401 2758 comitatur,
425 2679 482 2744 sed
500 2679 534 2742 in
552 2678 674 2760 optimo
694 2677 869 2759 exemplari
881 2677 1050 2740 Martialis:
1072 2676 1186 2739 Incidit
1206 2677 1239 2738 in
1257 2676 1406 2741 flammas
1420 2675 1595 2759 iuvenique

221 2790 332 2851 secuta
352 2786 463 2850 relicto
485 2785 628 2866 coniuge,
653 2784 740 2866 quod
755 2784 886 2866 quidem
904 2784 987 2847 tueri
1002 2783 1083 2847 sorte
1104 2786 1212 2864 posset
1224 2783 1348 2846 Graeca
1363 2784 1455 2860 ratiO,
1478 2803 1595 2848 verum

220 2893 324 2974 magis
360 2896 408 2957 est
443 2892 524 2956 forte
560 2895 595 2955 ut
630 2910 765 2973 sequare
802 2891 865 2954 duo
895 2909 1056 2954 manuscr.
1092 2910 1173 2971 quoe
1209 2911 1308 2953 mauu
1337 2909 1398 2954 suu
1427 2892 1597 2970 coufirmat

221 2999 384 3065 Octauius.

5 3144 9 3151 ·
136 3107 343 3171 Rutilum
370 3127 423 3188 pg.
446 3107 486 3169 59
494 3125 519 3168 r.
569 3104 654 3183 Quid
682 3103 824 3186 partem]
850 3104 951 3168 Recte
982 3103 1015 3166 id
1043 3103 1190 3197 quidem,
1219 3105 1275 3168 sed
1304 3125 1333 3167 ν.
1363 3104 1432 3168 cod.
1461 3104 1596 3168 hahuit:

217 3213 344 3289 Parem,
366 3213 448 3298 quod
468 3231 531 3275 oon
552 3209 689 3291 ncylexit
701 3207 860 3288 Ouiocius,
881 3229 959 3272 num
980 3209 1015 3273 in
1037 3230 1095 3273 ora
1109 3211 1162 3274 aui
1177 3208 1253 3275 libri
1274 3211 1381 3273 eacusi
1400 3208 1474 3272 ἴσον
1495 3210 1597 3274 inter·

212 3324 362 3402 prelatus
384 3327 438 3384 cst.
493 3399 496 3403 ,

11 3472 16 3480 -
43 3514 46 3519 ¹
136 3425 235 3507 Epist
258 3425 301 3489 ad
322 3425 422 3490 Hadr.
442 3446 496 3508 pg.
519 3427 613 3490 naar.
656 3427 693 3489 ln
713 3429 776 3488 vet.
799 3425 880 3488 libro
900 3424 983 3509 quod
1005 3425 1100 3488 ctiam
1126 3424 1245 3487 notavit
1268 3422 1420 3487 ciriacus
1450 3422 1515 3488 alia
1536 3425 1598 3488 fuit

218 3533 461 3614 inscriptio-sed
481 3533 562 3598 falsa
586 3553 719 3614 nempe:
742 3532 913 3595 Excusatio
935 3551 994 3612 pro
1017 3551 1051 3594 se
1073 3531 1117 3594 ad
1139 3529 1331 3594 Stiliconem.

137 3639 282 3702 Phoenix
297 3640 337 3703 95
358 3659 411 3720 pg.
428 3639 486 3702 241
497 3659 522 3703 r.
565 3637 746 3721 Myrrhata]
763 3638 811 3702 lta
826 3658 856 3701 r.
871 3637 961 3716 liber,
983 3637 1066 3723 quod
1088 3638 1182 3701 etium
1198 3635 1351 3702 Oetacius
1369 3636 1498 3713 notovit,
1521 3649 1598 3700 cum

221 3745 300 3809 alias
320 3745 446 3809 Mirata.

139 3852 285 3915 Phoenix
307 3853 348 3916 98
368 3872 421 3933 pg.
444 3851 514 3916 ead.
557 3849 705 3932 Penitus]
737 3851 785 3914 lta
814 3854 875 3913 vet.
900 3850 988 3913 liber.
1032 3850 1096 3914 Sed
1125 3851 1158 3913 in
1188 3850 1250 3914 alio
1279 3868 1390 3913 versus
1417 3849 1470 3911 hic
1494 3847 1541 3912 ita
1563 3869 1598 3912 se

219 3959 327 4036 habet,
349 3967 384 4022 ut
403 3959 497 4037 etiam
518 3960 639 4023 notovit
661 3959 829 4023 Calauius:
857 3957 955 4020 Indus
984 3957 1064 4020 odor
1091 3959 1240 4038 penetrat
1270 3976 1364 4019 nares
1392 3954 1599 4035 completque

218 4066 346 4129 salubri.
390 4085 429 4130 ea
450 4086 526 4130 vero
547 4065 606 4129 fuit
635 4065 812 4146 scripturae
833 4063 986 4144 antiquae
1007 4063 1185 4127 obscuritas
1205 4066 1242 4126 ut
1261 4062 1391 4125 Penitos
1419 4060 1496 4141 legi,
1530 4080 1600 4124 non

219 4170 353 4235 Penitus
373 4172 544 4236 videretur.

136 4278 183 4341 De
208 4277 334 4342 Christo
358 4280 396 4342 16
417 4299 470 4360 pg.
493 4280 591 4344 a5uv.
634 4278 799 4361 Mancipii]
828 4280 876 4343 lta
905 4284 967 4343 vet.
992 4280 1093 4344 codex
1121 4280 1217 4360 idque
1236 4278 1329 4343 acide
1358 4284 1393 4342 ut
1420 4279 1468 4342 ito
1488 4279 1601 4345 dicam

219 4384 362 4463 arripuit
379 4384 539 4464 Ouiucius,
555 4385 588 4447 in
606 4385 675 4449 aliis
690 4386 859 4468 Supplicii;
883 4390 997 4450 notum
1012 4390 1059 4449 est
1073 4406 1149 4449 vcro
1164 4386 1258 4449 illud:
1280 4385 1439 4466 Mancipio
1454 4388 1486 4448 et
1500 4405 1598 4450 nexu.

136 4491 183 4553 De
204 4489 281 4553 mul.
299 4489 377 4554 Gall.
399 4491 436 4552 15
457 4510 510 4571 pg.
526 4491 588 4554 252
597 4512 627 4555 v.
669 4491 736 4555 Nec
757 4491 883 4574 vinclis]
906 4492 948 4556 Hi
969 4512 1024 4556 sex
1046 4491 1161 4572 reliqui
1181 4510 1292 4555 versus
1313 4491 1449 4555 aberant
1467 4491 1509 4553 ab
1531 4511 1600 4556 uno

220 4598 328 4658 vetere
350 4595 460 4658 codice
480 4616 590 4678 cosque
607 4599 642 4662 in
657 4618 716 4662 suo
731 4619 847 4664 excusa
863 4595 950 4680 (sicr)
968 4619 1051 4679 pene
1068 4599 1181 4663 delevit
1197 4597 1358 4676 Culucius,
1376 4596 1432 4659 sed
1447 4597 1480 4658 in
1495 4597 1600 4662 altero

220 4720 255 4763 er
298 4703 312 4763 t
334 4700 457 4781 integri.
