3472 5392
851 439 888 505 13

133 637 172 701 ln
194 634 301 700 Iacob.
324 633 344 697 5
372 651 424 713 pg.
447 628 541 692 1541.
585 625 637 690 Sic
665 623 742 708 ope]
771 625 841 690 Hoc
870 626 1030 693 distichon
1059 628 1185 709 ignorat
1216 633 1277 693 vet.
1309 633 1473 714 exemplar
1500 636 1596 717 idque

218 741 340 807 notavit
362 740 457 802 etium
474 739 511 800 in
532 733 612 799 libro
632 751 689 796 suo
712 729 874 809 Cuiacius,
897 733 954 796 sed
976 734 1029 797 alii
1051 753 1163 797 omnes
1182 734 1332 800 referunt.

134 851 184 914 De
206 842 390 930 Torpedine
415 845 456 907 10
476 861 529 924 pg.
547 841 646 904 1551.
690 838 761 902 Hac
791 838 912 903 confisa
941 839 1038 922 iacet]
1068 840 1170 904 Aliter
1190 844 1251 905 vet.
1276 844 1377 909 codex
1405 864 1465 910 nec
1486 851 1596 915 tamen

220 954 314 1019 video
329 969 478 1016 causam:
495 967 572 1012 sane
587 945 736 1011 Cuiacius
750 945 783 1010 in
798 965 856 1009 ora
869 945 942 1010 libri
957 947 1119 1028 quaedam
1133 947 1233 1012 habet
1247 952 1425 1032 superflua.
1436 1003 1443 1017 .
1454 1005 1460 1018 .
1471 975 1511 1020 eu
1521 958 1596 1025 tibi:

443 1055 593 1120 Attractu
616 1053 738 1118 confisa
759 1073 817 1116 suo

442 1163 533 1240 Quae
554 1160 686 1241 tetigere
708 1160 822 1238 iacent,
846 1178 994 1223 successu
1014 1159 1099 1224 laeta
1120 1163 1265 1243 resurgit.

137 1271 185 1334 De
207 1270 340 1335 Concha
361 1289 414 1351 pg.
434 1270 528 1332 noar.
570 1267 672 1331 Aliter
694 1266 811 1349 accipit
833 1265 982 1330 Cuiacius
1004 1286 1104 1347 quam
1126 1268 1198 1347 quis
1220 1269 1392 1350 existimet,
1416 1277 1452 1337 ut
1474 1278 1599 1342 notavit

223 1378 256 1440 in
278 1396 336 1440 ora
357 1376 406 1440 sui
428 1374 498 1439 cod.
521 1394 638 1456 nempe
654 1394 714 1456 pro
728 1373 860 1438 Cratere
880 1372 992 1437 sontis:
1016 1373 1104 1454 quod
1125 1373 1178 1437 hic
1200 1395 1313 1439 verum
1334 1381 1390 1456 est,
1412 1381 1500 1460 apud
1521 1382 1598 1448 Hor.

225 1486 273 1547 est
294 1482 427 1547 Concha
448 1481 523 1545 salis
543 1481 626 1563 puri,
649 1480 737 1562 apud
759 1480 866 1543 luven.
888 1478 1008 1542 bibitur
1030 1479 1163 1543 concha.

140 1589 195 1652 Ad
219 1589 387 1672 Olybrium
412 1591 449 1653 19
463 1608 516 1670 pg.
527 1587 585 1651 261
597 1608 626 1651 v.
664 1585 913 1668 Remoraturus]
932 1586 981 1649 lta
1003 1589 1069 1667 opt.
1093 1586 1202 1663 codeir,
1227 1586 1259 1650 in
1274 1587 1384 1667 altero,
1406 1591 1599 1670 quodetiam

224 1696 365 1760 aduertit
388 1693 557 1760 Cuiacius:
579 1694 812 1773 solaturusque,
833 1692 912 1757 alias
933 1691 1166 1757 Remoraturas
1189 1693 1306 1775 inepte.

140 1803 188 1866 De
211 1801 252 1864 lIl
273 1821 359 1867 cons
382 1801 465 1865 Hou.
489 1802 548 1865 143
573 1821 626 1882 pg.
652 1800 743 1863 1341.
787 1799 860 1862 Dux
881 1797 984 1880 iubet]
1007 1847 1013 1860 .
1038 1848 1045 1860 .
1068 1847 1075 1861 .
1098 1798 1176 1863 illud
1196 1803 1306 1864 tamen
1337 1800 1391 1882 (sc.
1412 1802 1513 1885 iubet)
1535 1825 1600 1870 non

225 1913 273 1972 est
300 1928 426 1990 semper
456 1905 670 1984 δεσποτικόν,
708 1904 765 1969 sed
795 1904 887 1986 quasi
923 1904 1122 1987 precarium:
1160 1926 1237 1970 nam
1267 1912 1298 1971 et
1321 1908 1441 1972 κελεύω
1471 1913 1601 1979 Graecis

227 2013 357 2096 φιλικῶς
378 2014 527 2096 usurpari
548 2013 669 2078 arctavit
691 2033 789 2076 rauna
808 2031 871 2076 sua
893 2010 1054 2076 Cuiacius.

139 2122 197 2185 Ad
220 2121 364 2185 Gennad.
387 2140 474 2203 proc.
496 2140 549 2202 pg.
562 2119 623 2184 169
631 2140 655 2183 r.
699 2118 848 2184 Cuiacius
868 2119 993 2183 notavit
1014 2118 1047 2180 in
1068 2137 1127 2182 suo
1149 2118 1257 2182 codice
1278 2138 1344 2183 non
1364 2125 1598 2205 proconsulem,

226 2227 283 2290 scd
303 2247 342 2290 ex
358 2247 418 2309 pro
435 2227 573 2291 consule.

268 2333 392 2412 Quibus
412 2334 446 2397 in
467 2333 544 2398 locis
558 2353 624 2397 nou
639 2337 687 2397 est
701 2334 944 2415 neglegendum,
967 2335 1055 2416 quod
1068 2335 1285 2417 paenultimus
1295 2357 1361 2401 non
1376 2338 1419 2402 ad
1434 2339 1602 2406 lectionem

137 2440 283 2522 pertinet
305 2440 441 2524 ideoque
462 2440 594 2504 minoris
616 2444 663 2504 est
685 2441 848 2504 momenti.
919 2466 921 2470 ·

267 2547 443 2627 Duodecim
463 2547 560 2628 igitur
580 2550 708 2611 tanturn
729 2549 851 2610 restant
872 2545 1095 2610 adnotationes
1115 2546 1319 2626 Cuiacianae,
1343 2568 1424 2630 quas
1439 2549 1603 2616 Claverius

141 2654 288 2731 adhibet,
308 2653 562 2735 isengrinianum
584 2656 693 2717 autem
715 2652 879 2734 exemplar
900 2671 966 2716 non
990 2653 1140 2717 continet.

268 2759 388 2824 Contra
410 2760 453 2823 ad
482 2758 673 2839 marginalia
700 2758 847 2822 editionis
869 2757 1075 2839 Gryphianae
1103 2778 1169 2823 non
1196 2760 1351 2842 pertinet,
1380 2762 1468 2844 quod
1490 2767 1601 2826 monet

140 2866 327 2932 Cluverius:

122 2974 220 3039 huf.
241 2974 254 3037 l
278 2975 336 3038 175
360 2995 413 3056 pg.
433 2975 512 3038 45v.
554 2974 681 3057 Asiam]
704 2973 852 3039 Cuiacius
874 2973 907 3038 in
928 2975 1086 3039 observat.
1126 2995 1202 3040 rara
1230 2980 1261 3040 et
1289 2976 1447 3058 exquisita
1477 2977 1517 3040 de
1541 2978 1604 3042 hac

228 3082 431 3163 separatione
453 3082 550 3145 Asiae
570 3082 712 3163 prodidit
734 3130 930 3146 .......

228 3206 306 3251 nam
326 3187 380 3251 hic
401 3188 481 3252 liber
502 3188 624 3253 Cuiaoii
645 3188 907 3253 observationum
927 3187 1095 3269 respicitur
1116 3187 1267 3270 idemque
1288 3188 1386 3251 etiam

146 3282 202 3377 pg
226 3294 322 3358 150v.
364 3293 505 3376 vindice]
527 3295 587 3358 Hic
610 3295 699 3358 locus
720 3295 763 3358 ad
785 3295 834 3359 ius
854 3294 1018 3377 pertinens
1039 3313 1060 3358 a
1082 3294 1212 3359 Cuiacio
1234 3295 1267 3359 in
1288 3294 1412 3358 observ.

231 3399 354 3464 Similia
375 3405 451 3464 sunt
471 3421 555 3482 quae
576 3401 711 3482 legimus
1060 3469 1063 3474 ,

144 3525 201 3587 pg.
223 3505 263 3570 75
271 3527 301 3570 r.
349 3506 500 3589 cochleis]
521 3508 581 3571 Hic
609 3512 642 3572 te
663 3507 802 3572 monebo
827 3504 994 3582 Cuiacium
1019 3505 1170 3569 maluisse
1197 3506 1309 3568 efferre
1330 3505 1513 3569 Pandectas
1533 3507 1605 3570 Flo·

229 3613 389 3691 rentinas,
419 3613 495 3696 quia
524 3614 678 3679 dictiones
700 3613 842 3677 Graecae
871 3630 972 3692 genus
998 3630 1094 3693 saepe
1121 3614 1247 3674 mutent
1271 3611 1359 3693 apud
1389 3612 1520 3675 Latinos
1548 3613 1606 3676 ad·

230 3718 433 3802 ducebatque
455 3721 637 3802 exemplum
655 3721 716 3782 τοῦ
736 3718 763 3799 ,ci
784 3716 942 3796 Κοχλίας’.

144 3845 200 3908 pg.
224 3826 320 3890 106v.
356 3826 472 3910 Lybia]
495 3827 644 3893 Cuiacius
665 3826 795 3890 dixisset
811 3822 964 3901 Africam,
986 3843 1053 3887 non
1071 3823 1215 3906 Lybiam.

145 3951 200 4015 pg.
226 3933 318 3996 1651.
360 3933 462 3997 Pacta
477 3933 602 4016 mouet]
624 3933 773 3998 Cuiacius
791 3932 847 3995 diu
868 3930 901 4011 in
922 3950 961 3992 eo
976 3930 1162 4010 quaerendo
1177 3929 1245 4008 fuit,
1269 3929 1347 4011 quid
1365 3932 1447 3992 esset
1463 3932 1605 4010 pactum.

273 4039 321 4102 Ex
343 4041 573 4104 consuetudine
603 4040 765 4105 cotidiana
789 4060 854 4122 qua
883 4057 960 4102 usus
988 4039 1036 4099 est
1059 4035 1223 4100 Claverius
1253 4055 1327 4098 cum
1349 4034 1496 4113 Cuiacio,
1526 4034 1606 4098 haec

146 4137 277 4203 fluxisse
297 4137 463 4203 videntur:

146 4263 201 4326 pg.
229 4245 325 4309 14911.
356 4244 506 4327 Densari]
528 4246 677 4311 Cuiacius
685 4246 813 4313 dicebat
832 4248 898 4312 suis
912 4249 1066 4313 militibus
1082 4249 1208 4330 togatis,
1231 4250 1364 4313 densate
1378 4267 1445 4325 vos,
1469 4244 1605 4326 συνάγε-

231 4374 267 4412 τε
287 4350 373 4433 ὑμᾶς
392 4357 424 4417 et
446 4373 506 4435 pro
527 4354 647 4419 Laxato
669 4375 726 4418 vos
746 4354 899 4419 efferebat
919 4354 1145 4437 Dispertimini.

147 4477 203 4539 pg.
228 4458 286 4521 175
295 4478 321 4522 r:
365 4460 411 4523 De
433 4459 551 4525 Manlio
569 4459 755 4542 Theodoro]
785 4460 857 4524 Fuit
885 4465 995 4525 autem
1022 4461 1071 4524 vir
1101 4461 1152 4524 ille
1182 4461 1214 4524 in
1235 4459 1439 4542 philosophia
1467 4458 1607 4523 maxime

234 4570 380 4630 versatus
402 4615 565 4631 ......
589 4571 624 4631 ut
644 4572 735 4650 patet
754 4588 794 4631 ex
816 4567 1010 4649 quibusdam
1032 4568 1192 4649 opusculis
1214 4587 1298 4648 quae
1319 4566 1395 4629 olim
1415 4565 1554 4629 vidimus
1575 4565 1608 4627 in

230 4671 430 4737 Bibliotheca
444 4671 574 4737 Cuiacii.
