3472 5392
855 449 874 511 3

781 621 891 706 Gaput
913 624 940 690 Ι.

132 766 175 851 llo
200 765 339 852 nolinnn
361 764 548 851 lectionibus
578 789 655 872 quus
680 765 839 855 blnnorins
871 769 911 855 nl
937 771 1081 879 baptm
1107 773 1147 859 al
1173 778 1392 884 panegyrinm
1417 778 1535 886 blrbnii
1560 782 1593 868 el

408 907 534 995 Probini
560 911 593 995 el
616 907 656 993 nl
680 907 803 994 ninom
828 911 979 997 nonnulla
1005 913 1144 1000 narninr
1173 917 1317 1023 protulit.

256 1086 296 1148 Et
316 1085 457 1166 primum
478 1084 512 1147 in
532 1084 768 1166 manuscriptos
790 1085 915 1149 codices
936 1086 1144 1168 inquiramus.
1195 1090 1235 1153 de
1257 1089 1374 1171 quibus
1391 1091 1592 1172 neglegentia

131 1191 194 1254 illis
214 1191 413 1272 temporibus
434 1191 579 1255 sollemni
601 1191 668 1272 agit
689 1192 871 1270 adnotator,
895 1212 969 1257 cum
991 1213 1097 1275 neque
1111 1195 1231 1276 ubique
1247 1196 1408 1278 aequabili
1424 1217 1498 1261 eum
1514 1218 1591 1262 eura

130 1299 307 1363 lectionum
343 1297 574 1380 discrepantias
610 1296 786 1378 ostendat¹)
815 1318 921 1380 neque
950 1300 1043 1364 certis
1072 1301 1156 1364 notis
1184 1302 1234 1365 vel
1261 1303 1399 1383 propriis
1426 1303 1591 1368 vocabulis

129 1407 270 1471 alterum
307 1407 449 1470 codicem
480 1407 522 1470 ab
552 1406 653 1470 altero
682 1405 758 1470 satis
787 1405 970 1488 distinguat.
1030 1412 1166 1471 noverat
1192 1410 1302 1471 tamen
1330 1408 1398 1489 ipse
1426 1409 1590 1474 Claverius

129 1513 269 1578 alterum
305 1515 421 1577 librum
459 1513 559 1576 altero
594 1513 696 1576 multo
729 1533 796 1576 esse
824 1513 1005 1590 meliorem;
1040 1534 1118 1578 nam
1146 1514 1236 1578 haud
1264 1535 1338 1579 raro
1366 1535 1468 1579 unum
1497 1517 1588 1598 quasi

128 1621 281 1704 optimum
312 1621 466 1697 advocat,
503 1619 686 1700 frequenter
720 1620 754 1682 in
782 1639 847 1683 uno
877 1622 984 1683 vetere
1015 1620 1205 1685 advocando
1234 1642 1268 1685 se
1297 1622 1453 1701 continet,
1491 1643 1587 1704 quem

125 1728 293 1792 meliorem
316 1747 390 1791 eum
411 1730 541 1808 putasse
563 1725 655 1789 facile
677 1726 824 1790 conicias.
868 1746 967 1808 quam
984 1746 1053 1790 rem
1068 1727 1249 1792 accuratius
1264 1728 1587 1809 disputemus'omnia

125 1855 202 1898 cum
223 1835 400 1916 pulvisculo
423 1817 655 1896 exhaurientes,
696 1826 759 1895 hoc
771 1836 880 1895 autem
891 1837 1010 1910 teneas
1034 1833 1090 1896 ubi
1102 1834 1223 1900 codices
1233 1839 1464 1913 memorantur,
1487 1836 1585 1899 etiam

124 1943 166 2005 de
196 1941 373 2004 editionum
403 1939 638 2020 exemplaribus
667 1937 800 2018 cogitari
828 1937 946 2016 licere‚'
974 1938 1030 2001 ubi
1058 1945 1177 2009 veteres
1207 1940 1344 2017 dodinae,
1373 1940 1426 2004 vix
1455 1940 1515 2004 nisi
1544 1941 1584 2004 de

122 2047 360 2129 manuscriptis.
408 2045 681 2127 praemittendum
710 2049 758 2108 est
785 2080 825 2088 -
848 2044 882 2107 id
904 2045 992 2126 quod
1014 2045 1091 2110 satis
1113 2050 1299 2110 constat-
1322 2046 1491 2111 Claudiani
1513 2067 1583 2111 car-

121 2156 212 2218 mina
240 2175 298 2236 per
327 2157 467 2234 quatuor
494 2143 603 2234 partes
631 2154 798 2233 separatas
825 2152 995 2216 distributa
1022 2153 1115 2217 nobis
1142 2154 1263 2218 tradita
1290 2173 1374 2218 esse:
1404 2154 1473 2219 aliis
1495 2155 1582 2218 enim

119 2258 348 2342 manuscriptis
372 2260 500 2340 Raptus
520 2258 740 2339 Proserpinae,
767 2259 836 2323 aliis
857 2259 1074 2340 Panegyricus
1095 2259 1128 2321 in
1150 2258 1317 2342 Olybrium
1340 2264 1372 2324 et
1394 2261 1579 2339 Probinum‚

119 2368 191 2432 aliis
213 2367 336 2447 reliqua
358 2365 502 2430 earmina
523 2365 648 2429 maiora
662 2365 783 2447 publici
801 2365 983 2446 argumenti
1004 2366 1066 2446 legi
1088 2366 1198 2430 solent.
1240 2367 1399 2430 accedunt
1412 2372 1580 2448 praeterea

116 2474 274 2537 nonnulla
292 2474 428 2554 parvula
449 2473 612 2553 poematia
633 2471 796 2535 rarissima
817 2491 965 2553 quaeque
985 2476 1043 2536 aut
1063 2472 1096 2535 in
1118 2472 1206 2536 nullo
1230 2472 1339 2536 codice
1360 2473 1491 2538 omnino
1513 2494 1578 2538 ser-

117 2583 198 2644 vata
220 2584 295 2643 sunt
314 2584 371 2643 aut
391 2581 424 2642 in
445 2578 646 2660 paucissimis
667 2578 709 2641 ad
726 2579 870 2641 carmina
880 2577 1049 2642 Claudiani
1070 2579 1162 2660 quasi
1180 2579 1334 2660 adspersa
1352 2583 1534 2644 cernuntur.

240 2687 350 2750 Habes
373 2687 468 2766 igitur
487 2685 591 2766 primo
612 2682 682 2748 loco
705 2704 759 2761 ea,
783 2704 868 2764 quae
889 2684 932 2748 ad
953 2685 1098 2766 Raptum
1119 2685 1330 2766 Proserpinae
1349 2685 1513 2750 Claverius
1535 2687 1575 2750 de

116 2792 280 2856 codicibus
302 2792 419 2874 quibus
440 2810 517 2855 usus
538 2794 586 2854 est
607 2790 751 2855 adnotat.

237 2899 325 2963 Duos
346 2897 582 2979 manuscriptos
601 2896 653 2960 ille
674 2896 816 2961 indicare
836 2916 902 2960 non
923 2897 1049 2960 videtur
1071 2896 1131 2959 nisi
1156 2896 1233 2961 locis
1254 2897 1321 2962 his:
1370 2932 1373 2936 ·

116 3005 218 3067 Praei.
241 3005 283 3067 ad
306 3005 358 3068 lib.
381 3006 394 3068 I
415 3004 515 3086 praef.
540 3004 594 3067 lx:
616 3002 757 3085 Aegeas]
780 3003 826 3067 ita
846 3007 908 3067 vet.
932 3003 995 3067 duo
1020 3002 1154 3083 codices,
1561 3082 1567 3092 Ι

182 3111 194 3172 Ι
237 3112 293 3174 95;
317 3111 480 3175 Claverius
495 3111 528 3173 in
544 3109 670 3173 Miscell.
685 3129 755 3190 cap.
767 3109 811 3173 IX
825 3110 975 3173 adnotat:
1001 3109 1082 3173 forte
1103 3128 1161 3189 ego
1181 3108 1270 3173 libris
1291 3109 1414 3174 excusis
1434 3110 1569 3174 nimium

373 3209 499 3286 indulsi,
523 3210 602 3272 alter
622 3213 714 3272 vetus
735 3209 844 3273 Codex
866 3208 891 3272 J.
914 3209 1035 3273 Cuiacii
1057 3209 1103 3272 ita
1126 3207 1344 3289 praeferebat:

815 3315 867 3378 Sic
885 3314 978 3378 nobis
998 3313 1095 3379 noxia
1116 3314 1199 3378 vires
1278 3382 1282 3389 ,

459 3415 541 3479 Cum
564 3414 652 3480 eaelo
674 3415 817 3478 Fortuna
836 3414 931 3478 tulit?
975 3434 1054 3478 num
1076 3405 1174 3478 robur
1197 3418 1229 3478 et
1250 3433 1341 3478 arma

332 3551 334 3555 ν
460 3508 677 3592 Perdidimus
694 3515 720 3577 si
740 3517 835 3594 rapta
858 3514 947 3576 dies?
987 3533 1030 3577 an
1051 3513 1132 3576 forte
1153 3513 1293 3577 iacentes

458 3615 659 3695 ignavosque
680 3616 786 3695 putas,
809 3613 897 3694 quod
918 3630 983 3676 non
1005 3612 1165 3694 Cyclopea
1186 3612 1246 3676 tela

456 3714 657 3794 Stringimus‚
682 3716 739 3778 aut
760 3733 845 3778 vano
867 3713 988 3778 tonitm
1010 3712 1198 3777 deducimus
1220 3716 1339 3776 amas?

210 3818 288 3882 255:
311 3819 580 3901 Suptercelantia]
610 3826 740 3902 recepta
767 3820 861 3885 lectio
891 3841 956 3884 uno
984 3823 1046 3883 vet.
1078 3819 1186 3883 codiee
1215 3818 1367 3896 subnixa,
1400 3819 1456 3882 sed
1483 3819 1563 3882 alter

364 3920 494 3985 habuit:
517 3920 656 3985 Jamiam
678 3921 854 3985 curvantia.

205 4026 283 4090 274:
306 4026 463 4108 Tinxerit]
486 4028 531 4091 sic
552 4028 692 4109 optimus
713 4028 822 4104 codex,
846 4027 926 4090 alius
950 4025 1067 4103 ‘texuit’
1092 4026 1208 4106 inepte.

153 4132 181 4195 ll
222 4133 279 4196 84:
303 4131 498 4214 Optati],ita
519 4136 581 4198 vet.
603 4123 696 4212 libem
718 4154 791 4198 eum
813 4134 846 4198 in
868 4134 968 4198 altero
989 4133 1115 4214 legatur
1139 4131 1279 4212 ‘optatot
1392 4186 1396 4192 .

204 4238 281 4301 364:
304 4237 387 4302 Cum
409 4236 502 4318 voce]
525 4239 606 4303 haec
628 4244 720 4303 vetus
741 4240 844 4317 lecti0‚
867 4243 902 4304 at
924 4240 957 4303 in
981 4240 1081 4304 altero
1105 4238 1214 4302 codice
1235 4236 1296 4318 legi
1319 4235 1488 4317 ‘proferret

203 4437 228 4504 1)
250 4436 284 4490 Et
302 4436 355 4490 hac
372 4435 406 4489 de
425 4454 454 4490 re
474 4436 677 4491 excusationem
697 4436 806 4504 scripsit
826 4437 859 4491 ad
880 4436 943 4490 Rus.
962 4436 976 4489 I
995 4437 1027 4489 16
1047 4439 1102 4505 (pg.
1121 4435 1196 4502 llrb:
1221 4433 1332 4487 Sibero
1351 4432 1441 4484 minus
1460 4437 1554 4486 exacte

116 4524 190 4574 urias
219 4525 346 4577 lectiones
371 4523 416 4578 bic
440 4521 597 4585 dinumero,
617 4522 676 4590 fide
702 4530 791 4578 tomen
810 4539 856 4577 eas
876 4514 946 4592 quaa
962 4523 1053 4590 pluris
1070 4527 1147 4579 sunt,
1173 4526 1198 4572 tc
1215 4518 1371 4573 babituram
1391 4516 1505 4583 (scilicet
1522 4517 1552 4568 in

116 4608 193 4676 astu),
214 4624 246 4661 ac
263 4609 360 4662 narina
380 4609 474 4663 omnia
492 4609 520 4662 in
541 4615 618 4664 testu
636 4611 687 4664 tibi
706 4613 854 4674 obuersari,
873 4612 979 4679 reliqua
995 4610 1057 4676 seru
1076 4607 1125 4659 tibi
1143 4605 1233 4659 Iudex
1251 4604 1376 4669 sufficiet.
