3480 5356
685 432 829 516 'sl

82 631 154 690 uter
183 626 348 692 titulorum
380 629 484 692 verior
513 630 568 707 sit,
599 629 733 694 dubium
756 651 910 695 essenon
933 635 1046 712 potest.
1094 629 1229 713 turpiter
1250 629 1403 695 nimirum
1425 630 1544 696 erravit
1633 624 1638 637 ⁸

81 735 262 811 Claverius3
300 736 387 811 hunc
424 741 533 800 autem
569 757 666 819 quem
701 738 962 819 recuperavimus
991 738 1226 818 Panegyricum
1256 738 1442 818 Aniciorum
1478 739 1543 803 noli

82 841 182 904 alium
212 862 280 904 esse
307 847 423 924 putare
453 847 550 925 atque
577 844 699 925 Olybrii
729 848 760 907 et
786 845 918 908 Probini
946 845 1190 926 Panegyricum.
1242 865 1283 908 ne
1314 849 1427 909 contra
1457 846 1544 910 dicas

83 947 266 1011 Claverium
297 948 362 1012 iam
391 949 423 1011 in
450 930 556 1030 priore
586 950 724 1029 catalogi
751 954 843 1031 parte
872 950 1015 1014 attulisse
1045 952 1089 1014 Iu
1117 954 1316 1016 consulatum
1338 951 1543 1028 Aniciorum

82 1073 158 1117 nam
182 1054 267 1118 hanc
289 1059 415 1136 partem
434 1057 607 1136 isengrinio
632 1057 773 1120 debitam
796 1077 863 1120 esse
884 1058 952 1120 iam*
972 1062 1069 1121 antea
1090 1058 1236 1122 diximus.
1278 1059 1359 1122 scias
1382 1063 1491 1122 autem
1512 1059 1545 1122 in
1627 1100 1631 1105 ἡ
1733 1054 1736 1060 ’

82 1160 152 1242 ipso
176 1161 238 1224 hoc
259 1162 458 1244 Panegyrico
480 1165 499 1226 8
522 1166 554 1225 et
575 1164 611 1226 al
644 1163 825 1227 Claverium
854 1165 964 1228 testari
993 1184 1059 1228 non
1080 1165 1261 1230 Auchcnios
1282 1166 1339 1229 sed
1359 1165 1491 1231 Anicius
1512 1167 1545 1230 in

83 1271 192 1331 vetere
214 1269 323 1332 codice
347 1268 448 1332 dictos
471 1290 538 1333 esse
558 1270 716 1335 Probinos
740 1269 790 1351 (ci.
812 1292 843 1352 p.
867 1271 907 1353 7).

210 1399 360 1463 Ceterum
383 1400 546 1466 Cluverius
577 1424 642 1485 qua
669 1405 769 1468 utitur
798 1404 959 1468 celeritate
987 1403 1047 1466 sub
1078 1403 1176 1466 finem
1205 1404 1343 1486 paginae
1372 1424 1483 1468 versus
1506 1405 1546 1468 de

82 1506 231 1569 Florente
261 1511 292 1570 et
318 1501 436 1585 Floro,
469 1511 524 1590 qui
551 1515 625 1574 sunt
656 1511 809 1575 nimirum
846 1532 885 1574 ex
913 1511 1127 1593 Epithalamio
1154 1511 1332 1588 Laurentii,
1373 1511 1476 1575 adfert
1507 1531 1546 1575 ex

81 1613 284 1696 Panegyrico
308 1615 502 1694 amicorum,
534 1622 646 1699 aperto
674 1638 797 1695 errore,
827 1638 904 1681 nam
927 1617 1179 1699 Epithalamium
1200 1617 1364 1682 Laurentii
1385 1618 1412 1683 ei
1434 1623 1547 1683 notum

82 1720 181 1783 fuisse
204 1721 271 1801 ipse
294 1721 391 1785 index
413 1726 557 1789 testatur.
1199 1736 1202 1740 “

206 1851 342 1915 Facilius
372 1855 564 1935 explicatur,
594 1856 681 1936 quod
710 1857 743 1918 in
773 1855 876 1918 indice
900 1856 1006 1918 omisit
1027 1855 1191 1919 Cluverius
1213 1856 1321 1918 titulos
1348 1855 1397 1918 Dc
1419 1857 1546 1940 Aquila,

82 1957 178 2020 Laus
199 1957 318 2035 Liberi,
350 1958 400 2024 Dc
421 1960 672 2044 Hippopotunw5
702 1962 772 2043 ipsa
803 1962 888 2025 enim
916 1963 997 2024 haec
1025 1963 1189 2043 poematia
1218 1963 1314 2043 plena
1343 1963 1376 2026 in
1405 1961 1469 2025 fine
1489 1962 1547 2026 ad-

84 2063 212 2127 diturus
233 2065 300 2129 fuit.

62 2270 65 2275 ¹
210 2196 304 2273 Quod
332 2155 446 2292 autem
470 2199 521 2263 Dc
542 2201 655 2283 Meryo
684 2202 830 2279 titulum,
861 2222 957 2283 quem
987 2202 1087 2266 hahet
1114 2204 1155 2280 M,
1184 2203 1235 2266 ille
1264 2203 1385 2281 omisit,
1413 2204 1547 2267 fortasse

82 2303 228 2367 incuriae
252 2305 319 2368 eius
340 2307 481 2369 tribuere
499 2307 642 2371 sufficiet.

210 2520 388 2602 Supersunt
411 2521 613 2585 difficultates
636 2523 715 2586 hae:
738 2523 793 2584 uhi
817 2523 902 2585 enirn
924 2496 1004 2585 alter
1027 2521 1126 2584 habet
1148 2520 1353 2584 DcLuncrio
1373 2481 1453 2584 alter
1473 2519 1549 2599 legit

82 2625 136 2689 Dc
154 2625 309 2705 Laudare,
332 2629 388 2691 ubi
410 2629 490 2692 alter
512 2629 550 2692 dc
570 2627 793 2706 quenalibus
816 2629 858 2691 ihi
882 2629 962 2691 alter
985 2628 1035 2691 Dc
1061 2626 1238 2690 Virtutibus.

211 2758 319 2842 Primo
343 2759 457 2823 obtutu
487 2760 578 2822 t'acile
600 2779 721 2841 pronus
751 2759 792 2823 sis
815 2759 857 2823 ad
880 2759 1103 2822 coniciendum
1132 2777 1311 2839 permagna
1340 2757 1392 2820 illa
1413 2754 1548 2819 Claverii

84 2864 248 2928 celeritate
269 2866 388 2928 facturn
411 2885 488 2943 esse,
517 2870 553 2929 ut
580 2887 639 2947 pro
668 2865 796 2930 lanuvio
824 2867 942 2946 legeret
971 2865 1099 2929 'lavucro
1129 2869 1161 2929 et
1187 2863 1350 2926 vinalibus
1375 2883 1434 2944 pro
1458 2863 1548 2925 iuno-

81 2969 224 3035 rcnlihns.
271 2972 327 3035 sed
349 2973 428 3035 falsa
451 2973 532 3035 haec
554 2974 732 3048 conclusio;
764 2976 903 3055 quatuor
933 2973 1018 3035 enim
1040 2971 1083 3033 illi
1105 2971 1188 3034 tituli
1207 2973 1281 3033 sunt
1309 2970 1412 3032 iustae
1433 2968 1548 3032 carmi·

83 3097 165 3140 num
187 3078 417 3159 inscriptiones
441 3099 525 3159 quae
540 3079 709 3143 Claudiani
724 3080 854 3143 nomine
869 3079 1050 3142 traduntur.
1095 3098 1169 3140 cum
1189 3077 1285 3157 igitur
1305 3080 1445 3158 quatuor
1467 3075 1548 3138 haec

82 3184 251 3266 poematia
273 3185 306 3247 in
328 3185 436 3248 codice
455 3187 488 3250 M
510 3186 622 3264 desint,
646 3186 810 3250 Claverius
834 3189 947 3274 autern¹
965 3205 1012 3262 ea,
1035 3204 1174 3266 quorum
1196 3183 1316 3247 indicat
1337 3183 1455 3259 titulos
1478 3201 1548 3244 car-

82 3291 175 3354 mina
198 3291 320 3373 ipsese
343 3295 417 3355 ante
440 3292 549 3356 oculos
570 3293 721 3357 hahuisse
741 3296 892 3368 testetur,
923 3311 988 3355 non
1013 3294 1060 3354 est
1083 3292 1161 3372 quin
1186 3290 1381 3371 accipiamus
1404 3289 1548 3352 codicem

82 3397 116 3462 X
135 3398 182 3461 De
203 3399 346 3462 Lavacro
370 3402 402 3462 et
421 3400 467 3463 De
491 3399 656 3463 Vinalibus
677 3401 821 3464 carmina
843 3398 1044 3462 continuisse.

211 3529 315 3607 Quam
339 3531 557 3624 coniecturam
583 3532 708 3612 egregie
730 3532 792 3594 hoc
815 3529 1039 3595 confirmatam
1062 3528 1234 3607 intelleges.

208 3662 244 3725 In
266 3663 375 3727 codice
397 3662 482 3726 enim
504 3662 661 3727 Vaticano
683 3663 764 3727 9135
787 3662 853 3726 sive
869 3661 1001 3724 Schedis
1023 3658 1232 3722 Peirescianis
1244 3657 1266 3739 ¹)
1290 3657 1364 3721 folio
1383 3658 1444 3720 fififi
1466 3656 1547 3720 haec

82 3770 237 3848 leguntur
248 3792 255 3832 :

503 3947 504 3952 .
611 3879 658 3942 Ex
678 3879 778 3942 veteri
801 3879 870 3942 cod.
894 3878 1024 3954 Cuiacii‚

500 3984 591 4061 Quae
612 3986 716 4067 reperi
737 3985 834 4049 etiam
857 3984 945 4066 apud
968 3971 1131 4048 Gnosium.

564 4088 680 4173 (inquit
701 4092 884 4173 Stephanus
905 4089 1070 4154 Clauerius

648 4198 680 4260 in
703 4217 761 4261 suo
784 4195 987 4278 Claudiano.)

672 4304 786 4367 Incerti
810 4304 950 4368 auctoris

82 4453 379 4466 Μ

192 4543 217 4613 1)
236 4546 371 4599 voca-ntur
397 4548 491 4600 autem
516 4546 567 4600 hae
595 4548 712 4601 schedae
732 4546 859 4601 Peli-escii
878 4546 997 4608 nomine,
1017 4543 1068 4597 viri
1087 4538 1238 4595 doctissimi
1257 4532 1471 4603 Francogallici‚
1497 4531 1546 4601 qui

79 4648 105 4687 o.
126 4647 232 4684 annum
254 4631 320 4684 1600
345 4632 418 4700 apud
447 4632 566 4684 Batavos
591 4633 689 4685 studiis
714 4632 824 4685 deditus
851 4635 973 4685 moratus
1000 4634 1042 4683 est
1064 4632 1092 4682 et
1117 4626 1218 4680 mullos
1243 4624 1328 4676 libros
1357 4617 1546 4673 describendos

79 4716 203 4771 curavit.

1393 4809 1425 4864 4.
