3472 5392
622 478 730 561 ⁴aa

309 704 448 766 Editio
478 704 782 785 isengriniana.
959 754 962 761 ·
1223 774 1361 839 Codex

116 811 1109 860 —dh-q

819 886 912 941 Lectio
931 901 948 937 a
967 885 1078 940 Cuiucio
1145 890 1435 956 Ambrosianus,

305 926 416 981 ΤΗΝ
876 971 1023 1040 adscripta.

124 1143 164 1196 De
185 1144 317 1212 crystallo
337 1144 350 1197 I
369 1144 393 1200 2.
412 1145 487 1210 Quae
506 1145 539 1199 fit
780 1151 863 1206 11111

369 1240 394 1294 4.
415 1237 492 1293 mitis
780 1244 849 1299 vivis

323 1331 351 1385 II
369 1332 394 1386 7.
413 1332 515 1386 nobilis
778 1336 888 1392 mobilis

313 1425 353 1479 IV
371 1427 395 1480 5.
413 1426 473 1480 axis
778 1431 877 1486 ardens

330 1522 355 1575 V
371 1522 396 1575 4.
416 1519 482 1575 binu
777 1526 841 1581 viva

120 1612 169 1681 Ep.
187 1613 223 1666 ud
242 1613 321 1682 Olyb.
356 1618 396 1669 14.
418 1615 575 1671 Tartesiaoo
778 1622 974 1677 Charchesiaco
1146 1620 1189 1673 M:
1208 1618 1387 1742 eulrchesioca
1397 1619 1436 1673 313

1181 1707 1216 1746 m.
1254 1727 1260 1742 .

352 1773 393 1827 22.
407 1775 500 1844 digna
519 1775 576 1829 tuis
778 1784 854 1839 libris
872 1786 958 1852 atque
1146 1781 1185 1836 sio
1203 1782 1243 1837 M.

119 1868 160 1920 Ad
179 1869 260 1923 Prob.
370 1869 394 1923 2.
414 1871 559 1939 313133-
576 1871 677 1931 nostra
777 1895 856 1931 caras
872 1906 906 1916 -
927 1878 1009 1946 grata
1147 1875 1185 1930 sic
1205 1876 1242 1932 M.

117 1971 154 2025 De
174 1971 248 2027 birro
370 1974 394 2029 2.
416 1975 574 2030 castoreum
593 1992 699 2043 nequeo
779 1980 1016 2049 (Castoreiumque
1031 1997 1102 2048 queo
1147 1979 1185 2033 uic
1205 1979 1242 2033 M.

122 2089 213 2144 Desor.
225 2090 350 2145 Armenti
368 2092 392 2145 9.
413 2092 528 2147 diffusus
778 2097 935 2151 commissus
1146 2096 1184 2151 sic
1204 2098 1242 2152 M.

116 2206 143 2260 )3
150 2206 388 2275 111131131111111312.
408 2211 483 2264 color
779 2217 883 2270 tremor
1016 2215 1018 2220 ’
1145 2213 1184 2267 sio
1205 2213 1241 2268 Μ.

349 2303 390 2357 41.
411 2302 501 2373 Onupi
779 2308 870 2377 Anapi
1144 2305 1184 2361 sio
1204 2306 1240 2361 M.

346 2398 389 2452 45.
408 2398 490 2452 ardor
777 2416 853 2456 error
1144 2398 1183 2453 uio
1203 2399 1240 2455 M.

116 2597 192 2660 111113
213 2601 340 2661 tantum
364 2600 446 2662 inter
466 2600 586 2664 Cuiacii
608 2602 832 2666 adnotationes
853 2601 1068 2682 lectionesque
1091 2600 1208 2664 codicis
1229 2600 1435 2667 Arnbrosiani

116 2723 215 2767 insum
238 2704 451 2769 consideranti
481 2707 615 2770 dubium
642 2709 729 2772 nullo
758 2707 856 2771 modo
880 2710 987 2788 potest
1016 2725 1100 2783 esse,
1131 2706 1209 2787 quin
1229 2706 1378 2771 Cuiacius
1401 2707 1434 2771 in

116 2810 149 2873 111
176 2810 229 2873 ilio
250 2811 468 2892 isengriniano
498 2813 585 2876 hunc
606 2814 749 2878 codicem
772 2813 950 2877 contulerit.
994 2832 1068 2875 cum
1098 2816 1207 2877 autem
1237 2819 1276 2876 ex
1297 2813 1434 2877 Claverii

116 2935 172 2978 me
209 2920 366 2997 appareat
400 2918 480 2981 duos
513 2922 641 2983 tantum
679 2919 848 2984 Claudiani
886 2920 1010 2982 codices
1046 2918 1212 2983 Cuiacium
1254 2918 1432 3000 possedisse

136 3022 256 3085 ibidem
283 3024 409 3104 legatur
438 3025 497 3097 illis
527 3026 652 3089 duobus
682 3026 864 3090 Cluverium
895 3026 927 3088 in
956 3025 1081 3089 edendo
1105 3029 1203 3106 poeta
1230 3043 1325 3088 usum
1354 3045 1431 3102 esse,

116 3131 230 3203 ratum
259 3133 307 3193 est
352 3131 489 3194 alterum
525 3151 622 3212 quem
649 3131 813 3197 Giavcrius
850 3132 998 3196 adhibuit
1027 3131 1174 3195 codicum
1203 3131 1308 3213 ipsum
1343 3132 1431 3195 illum

116 3234 369 3314 [odiolanensem
393 3237 448 3318 qui
468 3242 650 3303 asservatur
669 3240 700 3301 in
719 3239 914 3302 bibliotheca
931 3238 1155 3302 Ambrosiana.

117 3415 157 3477 ed
178 3434 219 3478 ne
242 3415 379 3482 levitatis
400 3436 527 3499 arguar,
551 3418 629 3481 illud
650 3418 774 3482 silentio
795 3419 970 3499 praeterire
984 3437 1050 3481 non
1064 3437 1211 3499 possum:
1234 3436 1299 3481 non
1315 3417 1432 3481 desunt

116 3523 452 3602 11131133011133131133,
476 3544 560 3606 quae
582 3524 771 3589 dissentiant
800 3525 915 3602 abiis,
946 3544 1026 3605 quas
1048 3524 1148 3588 habet
1170 3523 1271 3587 codex
1290 3523 1430 3587 Ambro-

125 3630 181 3692 sed
203 3630 300 3694 laudo
322 3631 399 3694 iliud
420 3631 638 3713 proverbium,
668 3650 733 3712 quo
757 3631 872 3695 dicitur
895 3631 1135 3712 exceptionibus
1163 3631 1266 3710 legem
1287 3629 1428 3711 probari.

116 3740 296 3799 monstrare
326 3756 379 3800 me
400 3758 493 3819 posse
515 3757 608 3819 spero
646 3757 700 3800 eas
731 3757 813 3818 quas
842 3737 906 3800 dixi
928 3737 1139 3800 dissensiones
1167 3755 1233 3799 non
1256 3735 1338 3800 tanti
1359 3755 1427 3799 esse

116 3840 130 3917 ἰ,
154 3844 191 3904 ut
212 3842 341 3906 valeant
362 3844 405 3907 ad
427 3845 637 3908 evertendum
657 3847 803 3907 nostrum
833 3843 921 3924 quod
948 3842 1079 3905 tulimus
1108 3842 1270 3906 iudicium.
1313 3841 1346 3905 in
1381 3840 1432 3904 his

116 3950 225 4024 rentur,
250 3948 408 4013 indicibus
430 3951 527 4013 etiam
550 3950 619 4013 illas
638 3950 848 4014 dissensiones
864 3947 1145 4029 comprehendam,
1169 3967 1253 4029 quae
1267 3948 1425 4011 intersunt

117 4053 221 4116 dicem
251 4059 397 4118 nostrum
425 4055 678 4120 Ambrosianum
708 4059 740 4119 et
768 4075 822 4119 eas
856 4055 1007 4118 lectiones
1032 4053 1240 4131 0313313333,
1279 4073 1363 4134 quae
1391 4053 1424 4116 in

116 4159 299 4224 {indicibus
312 4183 343 4243 p.
359 4163 640 4240 111-1311331311,
663 4162 708 4227 ita
729 4164 765 4225 ut
788 4161 920 4225 tandem
936 4179 1047 4223 omnes
1067 4160 1218 4223 lectiones
1233 4157 1424 4223 Cuiacianas

116 4265 172 4328 iice
192 4266 224 4329 M
245 4268 441 4330 contulerim.

116 4375 127 4434 t
148 4372 290 4453 primum
312 4374 443 4454 quidem
464 4374 574 4436 titulus
603 4374 641 4437 de
663 4372 740 4438 bello
764 4372 956 4438 rocennaco
979 4369 1029 4452 (cf.
1053 4392 1083 4452 p.
1109 4369 1158 4451 17)
1189 4369 1370 4434 rarissimus
1390 4370 1424 4433 in

116 4477 165 4558 psi
189 4479 324 4542 carmini
345 4479 516 4560 inscriptus
537 4479 713 4555 invenitur,
746 4479 802 4542 sed
825 4479 858 4542 in
879 4497 1014 4560 operum
1035 4478 1182 4557 catalogo
1204 4467 1301 4556 quem
1323 4475 1423 4539 habet

128 4583 192 4663 411).
236 4585 312 4647 item
334 4586 367 4647 in
387 4585 484 4665 epith.
507 4585 643 4648 Palladii
671 4585 763 4647 titulo
787 4604 907 4647 nomen
937 4583 1069 4647 caterine
1092 4579 1135 4662 (p.
1150 4579 1199 4661 18)
1223 4599 1288 4643 non
1308 4581 1423 4661 legitur

118 4708 138 4750 o
162 4689 310 4769 catalogo
335 4690 377 4770 (p.
400 4688 464 4768 46).

1264 4798 1283 4850 3
