3480 5356
857 487 897 551 23

267 665 313 728 De
335 668 441 728 aetate
463 667 572 728 autem
594 663 712 727 codicis
732 664 829 744 paulo
851 666 1031 728 accuratius
1053 666 1216 746 disputare
1245 666 1334 739 volo;
1364 684 1442 728 nam
1471 664 1598 728 saeculo

142 771 213 834 Xlll
242 790 314 834 eum
344 769 499 851 scripturn
527 789 595 832 esse
624 769 799 848 contendo,
829 790 1029 852 quamquam
1060 771 1092 834 in
1120 771 1194 834 folio
1224 772 1328 852 primo
1357 771 1517 852 praefixe,
1544 770 1600 833 ubi

142 880 232 940 extat
253 897 274 940 a
293 876 469 939 recentiore
490 895 591 940 manu
612 880 762 940 exaratus
789 876 886 940 index
916 897 1028 941 eorum
1051 896 1135 958 quae
1165 878 1306 940 continet
1335 877 1436 941 codex
1454 896 1598 958 operum,

141 982 225 1045 haec
247 982 411 1062 leguntur:
435 980 540 1045 Codex
557 982 592 1045 in
604 982 661 1064 p.¹'⁸
673 982 821 1065 portibus
842 983 964 1047 saeculi
985 983 1050 1060 XI,
1079 984 1112 1045 in
1131 991 1294 1066 postrema
1317 983 1422 1046 XIII.
1466 983 1522 1045 sed
1544 982 1599 1063 qui

142 1088 379 1169 aliquantulum
406 1091 535 1151 tanturn
563 1087 597 1151 in
626 1088 803 1152 tractandis
830 1089 1056 1171 manuscriptis
1084 1093 1229 1153 versatus
1258 1093 1320 1165 est,
1353 1089 1457 1169 primo
1486 1089 1600 1151 obtutu

141 1194 297 1274 intellegit
317 1213 473 1274 magnum
495 1193 691 1267 inerrorem
712 1194 858 1258 incidisse
881 1216 965 1272 eum,
987 1196 1042 1278 qui
1063 1195 1188 1277 primae
1214 1195 1331 1258 codicis
1352 1194 1454 1275 parti,
1483 1214 1599 1275 nempe

143 1299 316 1363 Claudiani
337 1300 496 1381 operibus,
516 1300 673 1363 maiorem
693 1320 793 1382 quam
822 1301 881 1365 illis
909 1322 993 1383 quae
1014 1305 1192 1383 sequuntur
1212 1301 1423 1364 vindicaverit
1449 1301 1599 1364 aetatem.

143 1425 223 1470 sane
243 1425 364 1486 magna
383 1405 466 1469 inter
487 1410 659 1489 utramque
688 1407 898 1489 manuscripti
927 1411 1054 1488 partem
1082 1407 1236 1488 temporis
1264 1407 1479 1487 discrepantia
1504 1407 1601 1469 inter-

143 1511 237 1588 cedit,
260 1531 344 1593 quae
364 1531 403 1574 ex
424 1513 574 1576 universo
597 1513 776 1577 litetrarum
799 1514 899 1577 ductu
921 1517 1018 1594 atque
1040 1534 1079 1576 ex
1099 1516 1168 1576 tota
1189 1513 1290 1594 partis
1310 1513 1476 1594 utriusque
1498 1513 1603 1594 specie

142 1617 363 1699 materiaeque
385 1619 540 1700 qualitate
562 1619 654 1682 facile
678 1620 887 1700 cognoscitur.
931 1619 987 1682 sed
1009 1621 1096 1683 nullo
1117 1620 1214 1683 modo
1229 1622 1335 1700 potest
1354 1619 1503 1695 dubitari,
1525 1619 1603 1701 quin

142 1723 249 1804 prima
279 1724 396 1788 codicis
424 1745 517 1807 pars,
548 1745 614 1806 qua
644 1726 824 1789 continetur
853 1725 1065 1803 Claudianus,
1094 1725 1189 1806 longe
1218 1726 1258 1788 sit
1285 1725 1450 1806 posterior.
1495 1725 1603 1806 itaque

144 1828 232 1893 hunc
252 1834 368 1911 poetae
389 1833 489 1895 nostri
511 1832 768 1913 manuscriptum
790 1832 917 1894 saeculo
936 1832 1007 1895 Xlll
1031 1832 1147 1895 tribue.
1190 1831 1268 1894 illud
1291 1832 1428 1912 denique
1449 1851 1602 1909 memoro,

143 1937 221 2000 olim
243 1936 276 1999 in
297 1938 537 2019 Francogallica
563 1938 759 2002 bibliotheca
782 1937 911 2000 infuisse
933 1943 1078 2001 nostrum
1100 1938 1260 2012 codieem;
1289 1957 1367 2000 nam
1395 1937 1428 1999 in
1457 1938 1525 2018 ipso
1555 1938 1603 2000 in·

142 2043 274 2108 volucro
310 2044 382 2108 libri
417 2045 498 2110 haec
533 2045 633 2109 verba
659 2047 769 2109 extant
798 2063 898 2107 manu
925 2044 1045 2107 saeculi
1072 2045 1130 2108 XV
1159 2044 1209 2106 vel
1237 2044 1308 2107 XVI
1337 2047 1485 2107 exarata:
1521 2043 1603 2106 barre

142 2150 278 2213 codicem
301 2171 368 2214 erno
392 2170 463 2214 cum
479 2151 588 2215 multis
610 2149 687 2213 aliis
703 2151 866 2215 doemone
889 2148 1063 2231 (Avignon)
1085 2150 1258 2215 cedendum
1282 2150 1473 2213 curavimus
1516 2150 1603 2231 quod

142 2275 244 2336 quare
259 2256 325 2320 iam
339 2256 392 2320 hic
406 2276 557 2320 moneam
576 2257 685 2337 fugere
700 2260 732 2319 te
746 2276 812 2319 non
833 2260 940 2338 potest
962 2257 1227 2334 considerantem,
1248 2257 1345 2322 etiam
1358 2257 1603 2337 Francogallum

142 2361 240 2426 fuisse
262 2362 438 2440 Cuiacium‚
461 2361 550 2425 illum
570 2363 676 2425 virum
693 2362 733 2425 de
755 2363 933 2427 Claudiano
953 2364 1073 2445 optime
1096 2364 1255 2428 meritum.

266 2492 335 2556 lam
362 2512 439 2556 vero
467 2497 621 2575 sequatur
648 2493 821 2558 lectionum
857 2513 939 2574 quas
968 2493 1033 2557 dixi
1063 2494 1261 2576 comparatio
1298 2513 1356 2575 per
1384 2493 1523 2556 indicem
1554 2493 1603 2556 in·

143 2598 319 2663 stituenda.

476 2808 616 2873 Editio
646 2810 949 2891 lsengriniana.
1389 2874 1527 2937 Codex

475 3031 587 3087 'sextus'
1051 3076 1182 3146 adsripta.

135 3172 427 3181 ——---——

136 3265 167 3317 p.
186 3247 250 3301 241.
270 3247 334 3303 Ruf.
353 3249 367 3302 I
384 3249 422 3321 pf.
443 3250 466 3304 l.
486 3249 589 3304 decidit
946 3256 1086 3325 con(cidit)
1312 3252 1381 3321 ⁸10¹)
1401 3253 1436 3305 Μ.

442 3344 468 3397 4.
486 3345 618 3414 tangeret
946 3348 1091 3418 tin(geret)
1312 3345 1350 3400 sie
1366 3346 1401 3398 M.

445 3437 468 3491 9.
487 3437 626 3505 spumavit
680 3437 681 3440 ’
946 3442 1067 3496 fumavit
1311 3438 1349 3492 sie
1368 3439 1404 3492 Μ.

432 3529 472 3584 10.
490 3530 602 3598 liquidis
679 3557 691 3576 ι
946 3534 1081 3589 nitidis
1310 3531 1348 3584 sie
1367 3531 1404 3584 M.

490 3598 519 3652 in
540 3617 595 3668 mg.
614 3600 710 3656 nitidis

431 3691 472 3745 14.
490 3692 557 3746 deae
946 3691 990 3745 dei
1311 3695 1350 3748 sic
1368 3693 1403 3746 M.

134 3799 164 3850 p.
184 3781 255 3835 arv.
324 3770 327 3775 ’
401 3783 474 3839 152.
495 3787 524 3839 ec
945 3803 978 3840 en
1313 3787 1351 3841 sie
1370 3787 1405 3839 u.

429 3925 470 3980 69.
489 3929 600 3981 veretur
945 3930 1063 3982 tuetur
1312 3927 1353 3978 M:
1373 3922 1493 3988 uerelur,
1513 3915 1602 3971 voluit

489 3994 518 4047 in
538 4014 591 4066 mg.
610 3999 706 4051 tuetur
1345 3992 1432 4061 igitur
1451 3990 1547 4042 tuetur

133 4126 165 4179 p.
184 4109 248 4164 aar.
428 4113 469 4167 80.
488 4130 567 4166 arcus
944 4114 1020 4165 artus
1309 4111 1347 4163 sie
1366 4109 1403 4162 M.

134 4220 163 4271 p.
183 4201 250 4257 arv.
411 4206 468 4258 222.
487 4207 584 4261 miscet
943 4203 1030 4259 nectit
1309 4203 1347 4256 sic
1366 4201 1401 4254 M.

134 4314 163 4366 p.
183 4296 219 4351 29
226 4314 250 4350 v.
410 4299 469 4353 260.
488 4299 561 4353 solus
580 4299 725 4368 medioque
944 4297 1033 4351 medio
1052 4315 1109 4355 sese
1127 4301 1172 4354 sed
1309 4295 1349 4349 eie
1367 4295 1404 4348 M.

412 4392 470 4448 278.
489 4393 630 4463 quondam
943 4390 1026 4445 rubro
1309 4389 1346 4443 sic
1364 4388 1402 4442 M.

137 4606 434 4617 ————

263 4718 289 4786 1)
308 4717 381 4771 Illud
399 4717 449 4772 sie
466 4717 598 4772 nimirum
615 4719 652 4772 ad
670 4718 802 4773 lectiones
823 4736 840 4772 a
859 4718 969 4774 Ouiacio
988 4717 1141 4786 adscriptas
1160 4718 1288 4786 pertinet.

988 2992 1246 3047 Lectioacuiacio
1313 2989 1602 3054 Ambrosianus.
1710 3056 1714 3063 ,
