3480 5356
847 502 884 566 xl

261 673 352 749 Quae
377 694 450 736 cum
479 675 524 739 ita
552 675 615 739 sint
641 676 732 753 finito
763 677 1029 741 consentientium
1058 679 1231 742 lectionum
1257 699 1391 743 recensu
1420 682 1594 763 disputatio
1659 668 1661 672 Α

134 781 247 841 nostra
269 798 306 842 eo
329 781 483 861 pervenit,
504 785 540 844 ut
558 781 794 845 conclusionem
816 783 958 864 aliquam
980 788 1050 847 tuto
1073 785 1178 849 lacere
1199 785 1291 848 nobis
1313 787 1428 852 liceret.

262 885 309 947 Ex
338 885 375 948 iis
406 886 491 948 enim
520 870 612 965 loen,
642 887 674 950 in
701 888 817 969 quibus
843 889 1083 967 adnotationes,
1123 911 1204 972 quas
1230 891 1393 955 Claverius
1427 893 1595 958 nominato

136 990 270 1053 Cuiacio
290 995 421 1054 auctore
439 993 556 1073 prodit,
580 994 754 1057 concinunt
776 1015 850 1058 cum
871 995 917 1076 iis,
942 1016 1022 1077 quas
1045 997 1212 1061 adnotavit
1229 983 1377 1062 Cuiacius
1395 1000 1428 1062 in
1449 1000 1595 1080 margine

136 1095 366 1176 isengrinian0‚
389 1098 466 1161 satis
488 1118 645 1180 apparere
667 1101 822 1181 existimo,
845 1105 920 1168 huic
942 1109 973 1169 et
994 1105 1027 1167 in
1049 1104 1236 1186 Gryphiano
1265 1109 1296 1169 et
1326 1105 1359 1168 in
1378 1106 1596 1187 Isengriniano

137 1201 314 1283 exemplari
334 1203 558 1268 adnotationes
579 1205 708 1270 facienti
729 1210 868 1273 eundem
890 1211 1033 1274 codicem
1054 1215 1183 1292 praesto
1199 1211 1303 1274 fuisse.
1496 1275 1499 1281 .

263 1306 384 1370 Deinde
406 1328 446 1371 ex
467 1329 514 1388 ee,
537 1311 624 1391 quod
646 1316 714 1377 tam
744 1316 846 1379 multa
875 1336 959 1398 quae
981 1317 1129 1380 Cuiacius
1157 1317 1190 1379 in
1211 1317 1429 1398 lsengriniano
1451 1315 1596 1395 adnotat,

140 1413 345 1495 consentiunt
367 1433 441 1477 cum
463 1415 725 1482 adnotationibus
748 1441 767 1484 a
789 1422 934 1486 Claverio
953 1443 1019 1486 non
1038 1423 1204 1487 nominato
1226 1423 1356 1486 Cuiacio
1379 1424 1505 1502 additis
1530 1424 1597 1488 sine

140 1519 240 1582 dubio
263 1519 366 1584 elucet
388 1522 527 1586 eundem
548 1543 645 1604 quem
666 1527 763 1590 modo
788 1528 851 1591 dixi
868 1530 1011 1593 codicem
1033 1529 1214 1594 aClaverio
1229 1530 1262 1592 in
1279 1530 1403 1593 edendo
1420 1530 1598 1594 Claudiano

140 1628 199 1687 aut
220 1625 326 1705 ipsum
354 1627 482 1708 saepius
510 1629 691 1694 adhibitum
720 1652 788 1696 esse
815 1638 872 1697 aut
900 1640 1050 1717 excerpta
1078 1637 1191 1699 saltem
1220 1655 1303 1717 quae
1333 1657 1372 1699 ex
1403 1657 1441 1699 eo
1470 1640 1599 1717 sumpta

140 1734 243 1794 erant.
279 1730 397 1795 Alter
419 1733 549 1814 igitur
572 1737 759 1802 codicum
782 1760 884 1820 quos
904 1743 1123 1807 Cluverius
1144 1743 1317 1807 Cuiacio
1339 1763 1380 1806 se
1403 1742 1599 1806 debuisse
1665 1775 1667 1778 ⁴

139 1841 341 1916 testatur,
378 1839 485 1904 idem
513 1847 604 1906 erat
632 1864 711 1925 quo
733 1845 930 1910 Cuiacius
959 1849 1048 1930 ipse
1075 1869 1171 1912 usus
1198 1852 1276 1926 est,
1307 1868 1394 1912 cum
1424 1849 1464 1911 in
1493 1849 1599 1912 lsen-

139 1944 271 2024 grinii
293 1946 522 2027 exemplari
545 1949 847 2016 adnotationes
868 1954 1050 2018 adderet.

727 2176 1018 2185 --·—-——-—-

709 2439 711 2442 ⁴
780 2345 892 2430 caput
911 2342 967 2410 IV.

295 2497 334 2585 lo
357 2497 463 2586 tolioo
478 2499 678 2587 lutrosimo
703 2501 730 2586 ll
752 2503 771 2586 t
796 2526 863 2607 sup.
889 2525 909 2586 a
934 2499 1056 2586 triario
1080 2503 1112 2585 ot
1138 2498 1276 2584 Clitorio
1301 2438 1454 2583 adhibito.

268 2680 336 2744 lam
357 2700 434 2744 vero
459 2678 598 2762 omnes')
621 2700 675 2743 eas
698 2681 848 2744 lectiones
872 2701 953 2762 quas
975 2681 1007 2744 in
1029 2680 1187 2743 indicibus
1207 2699 1262 2760 pp.
1287 2679 1600 2758 14-1etamqua1n

138 2787 335 2853 Guiacianas
363 2789 396 2852 in
416 2788 533 2868 lsengr.
554 2807 617 2867 mg.
642 2787 820 2868 adscriptas
847 2788 1050 2850 recensui-
1075 2790 1149 2849 sunt
1172 2790 1281 2849 autem
1303 2785 1343 2848 92
1364 2819 1403 2827 —
1426 2784 1602 2864 praebet

138 2895 271 2958 etiam
294 2895 423 2958 codex
444 2895 516 2958 ille
537 2913 644 2958 nunc
663 2894 966 2957 Ambrosianus
989 2895 1055 2958 Mo
1078 2913 1160 2974 sup.
1192 2892 1303 2973 Neque
1318 2892 1382 2955 ullo
1397 2890 1494 2954 modo
1508 2890 1600 2953 dubi·

99 2990 104 2998 ’
138 3001 205 3065 tari
223 3005 337 3082 potest,
360 3003 438 3082 quin
460 3002 569 3078 codex,
593 3021 691 3083 quem
707 3001 855 3065 Cuiacius
877 3002 910 3064 in
931 2989 1292 3080 isengrinii'exernplari
1317 2997 1495 3074 contulerit,
1515 2996 1601 3059 idem

139 3108 183 3171 sit
205 3112 302 3189 atque
326 3109 376 3173 ille
398 3109 639 3173 Ambrosianus

269 3213 364 3291 Quod
383 3216 428 3280 ita
450 3216 669 3281 demonstrare
690 3235 835 3298 pergam,
857 3219 893 3279 ut
914 3235 1128 3297 permagnum
1150 3233 1322 3277 numerum
1345 3210 1600 3288 adnotationum,

139 3341 226 3404 quas
255 3321 380 3386 addidit
407 3323 555 3387 Cuiacius
583 3325 616 3387 in
637 3325 675 3387 ls,
700 3324 838 3387 editione
866 3342 1010 3404 quasque
1040 3323 1073 3385 in
1095 3322 1255 3403 prioribus
1277 3319 1435 3383 indicibus
1456 3318 1601 3381 nondum

139 3431 297 3509 tractati,
321 3432 473 3512 ‘sequenti
502 3431 607 3494 indice
631 3431 904 3512 comprehendam
934 3449 1052 3510 easque
1077 3449 1151 3492 cum
1171 3428 1359 3491 lectionibus
1384 3425 1500 3489 codicis
1521 3425 1601 3487 Am·

139 3536 295 3615 brosiani,
317 3556 414 3619 quem
438 3538 516 3618 siglo
539 3538 572 3601 M
593 3537 735 3618 designo
758 3537 936 3600 consentire
958 3535 1137 3599 ostendam.
1150 3534 1314 3597 —iterum
1337 3536 1445 3596 autem
1473 3550 1599 3608 moneo,

139 3643 200 3707 ubi
223 3643 418 3708 vocabulum
440 3644 551 3708 litteris
574 3644 742 3708 diductum
763 3644 920 3720 invenies,
950 3663 989 3705 eo
1018 3642 1189 3722 significari
1219 3641 1247 3704 ei
1276 3641 1393 3703 lineam
1413 3636 1601 3701 subduxisse

139 3749 440 3816 Guiaciuminlibro
448 3751 622 3832 lsengrinii,
631 3751 783 3814 nimirum
793 3751 869 3832 quia
878 3750 1015 3813 eandem
1023 3749 1232 3812 lectionemin
1242 3768 1299 3811 suo
1309 3747 1417 3810 codiee
1425 3746 1599 3808 invenerat.

268 3858 375 3923 Antea
403 3879 480 3922 vero
508 3859 576 3940 ipse
607 3859 707 3922 codex
735 3857 969 3920 Ambrosianus
1004 3857 1116 3937 paucis
1152 3855 1257 3918 verbis
1286 3852 1513 3917 describendus
1543 3853 1598 3913 est.

140 3972 191 4031 est
213 3968 321 4031 autem
345 3965 445 4041 codex
466 3964 533 4046 ΜΞ)
556 3964 825 4029 membranaceus
846 3965 963 4027 saeculi
986 3964 1056 4027 Xlll
1079 3967 1110 4026 et
1132 3964 1273 4026 continet
1288 3963 1416 4042 praeter
1431 3957 1600 4022 Claudiani

139 4092 251 4155 opera,
274 4092 358 4154 quae
381 4073 510 4153 explent
530 4073 605 4136 lolia
626 4072 693 4149 124,
716 4071 797 4136 haec
820 4069 877 4151 (sic
896 4071 1038 4134 indicata
1060 4069 1093 4132 in
1115 4069 1240 4133 duobus
1265 4068 1381 4132 codicis
1410 4064 1598 4146 indicibustt

139 4179 316 4243 Horatium
339 4178 378 4241 dc
399 4185 468 4243 orte
487 4181 628 4261 podica,-
652 4180 804 4244 Aratoris
826 4177 1022 4242 Subdioconi
1043 4179 1086 4242 ud
1103 4177 1287 4240 Hortarium
1311 4174 1380 4255 (ie.
1401 4169 1598 4253 Florianum)

141 4285 298 4350 Abbatem
319 4290 347 4349 ct
375 4285 528 4370 Vipitium
544 4308 669 4370 paparo
690 4287 873 4352 Historiam
891 4289 1107 4368 Apostolicuoi
1128 4307 1196 4350 cuni
1220 4285 1328 4361 Actis;
1362 4284 1600 4350 Grammaticae

134 4399 319 4477 praecepto,
341 4399 369 4457 et
390 4391 532 4475 Repetas
555 4392 730 4460 Posctates
749 4416 810 4476 pro
831 4395 975 4478 Epirotis.

259 4558 287 4627 1)
304 4557 345 4613 De
362 4557 458 4629 paucis
476 4559 681 4628 exceptionibus
699 4561 763 4616 vide
781 4562 854 4616 infra
872 4579 919 4630 pg.
938 4561 1049 4615 33-36.

264 4644 292 4713 2)
310 4644 353 4698 Ad
370 4643 442 4698 hanc
461 4644 561 4699 codicis
577 4646 791 4715 descriptionem
809 4648 844 4702 cf.
863 4663 934 4715 quae
953 4646 1065 4716 Jeepius
1089 4644 1207 4715 protulit
1231 4643 1260 4696 in
1285 4640 1413 4696 editionis
1439 4657 1504 4695 suae
1528 4639 1598 4694 tomi

144 4729 223 4799 primi
239 4731 412 4800 praelatione
431 4749 477 4802 pg.
496 4731 607 4800 XXXV.
