3472 5392
765 441 805 505 43

56 617 186 701 Christi,
207 623 361 712 Miiacula
378 622 494 685 Christi
515 657 553 665 —
574 622 616 684 ad
638 620 779 684 codicem
798 622 827 683 X
847 622 914 683 sine
937 621 1035 684 dnbio
1058 608 1252 703 respiciunt(
1278 641 1416 703 quarum
1438 643 1516 686 enu-

56 731 236 795 meratione
258 731 320 792 hoc
343 731 413 792 Ioco
435 747 500 790 non
522 747 602 809 opus
626 732 688 803 est,
717 746 790 789 curn
812 727 877 789 ianr
899 747 997 808 supra
1020 747 1110 790 anre
1133 728 1196 791 sint
1218 733 1388 809 congestae
1412 728 1455 810 (p.
1474 730 1515 812 7).

180 862 294 924 Restat
315 864 350 923 ut
377 860 438 922 hoc
460 859 573 922 ultimo
600 857 655 938 qui
677 858 820 938 sequitur
848 857 951 920 indice
974 877 1085 921 omnes
1111 878 1165 921 eas
1190 859 1341 922 lectiones
1371 880 1516 942 eompre-

56 969 210 1044 hendam,
234 987 317 1048 quae
336 967 368 1028 in
384 966 507 1046 reliquo
527 983 659 1045 corpore
676 963 855 1026 carminum
875 963 1016 1026 codiciX
1034 968 1107 1026 sunt
1122 965 1346 1028 attribuendae
1362 969 1459 1047 atque
1477 1003 1516 1008 —

54 1075 91 1137 id
101 1075 188 1154 quod
202 1073 312 1153 magni
322 1076 369 1135 est
383 1071 539 1134 momenti
549 1106 589 1112 -
599 1069 687 1132 haud
697 1089 771 1132 raro
784 1069 899 1132 criticis
907 1070 1155 1150 perplacuerunt
1170 1072 1306 1149 ideoque
1315 1073 1517 1152 reputatione
1588 1057 1590 1060 ’

56 1180 263 1260 dignissimae
284 1179 441 1241 videntur.
485 1192 585 1254 quare
610 1175 686 1238 utile
709 1195 776 1237 esse
805 1175 950 1238 existimo
979 1175 1041 1238 hoc
1070 1176 1103 1239 in
1132 1177 1236 1239 indice
1264 1177 1362 1240 etiam
1391 1178 1433 1240 ad
1463 1198 1517 1241 eos

56 1286 184 1349 codices
205 1284 378 1365 respicere,
408 1300 545 1361 quorum
567 1281 717 1343 lectiones
743 1284 925 1360 congruunt
946 1301 1019 1344 cum
1041 1281 1100 1343 IIIis
1122 1282 1222 1344 nostri
1244 1283 1282 1345 X.
1326 1303 1380 1347 eos
1408 1288 1517 1371 autern
1586 1298 1587 1303 ’

56 1392 131 1454 dieo
152 1391 285 1467 codices
309 1405 390 1467 quos
405 1389 447 1451 ad
463 1407 584 1450 novam
603 1406 696 1449 suain
713 1386 882 1450 Claudiani
904 1387 1076 1450 editionem
1094 1407 1170 1450 mox
1194 1389 1395 1469 prodituram
1412 1391 1517 1455 Theo-

56 1498 156 1561 dorus
177 1498 245 1560 Birt
266 1496 298 1557 in
319 1516 413 1558 usum
436 1493 578 1570 vocavit,
609 1510 747 1571 quorun]
772 1497 881 1570 notas,
907 1493 1027 1571 quibus·
1044 1493 1095 1555 iIle
1116 1513 1193 1556 usus
1215 1499 1277 1572 est,
1309 1516 1368 1576 ego
1391 1497 1515 1560 retinui.

56 1609 133 1669 sunt
154 1609 263 1668 autom
284 1603 364 1666 hae:

55 1737 101 1801 V:
159 1736 259 1800 codex
280 1735 503 1829 Vaticanusbn.
526 1735 608 1797 8809
628 1733 763 1795 membr.
786 1753 868 1797 saec.
890 1733 955 1796 XII.

55 1869 101 1932 P:
157 1868 257 1931 codex
279 1865 443 1929 Parisinus
466 1866 520 1927 Iat.
547 1865 600 1941 18,
623 1864 684 1926 558
704 1865 839 1927 membr.
863 1884 946 1927 saec.
968 1865 1047 1926 XIII.

56 2001 100 2064 G:
157 1999 257 2063 codex
277 1996 489 2060 Bruxellensis
510 2015 541 2059 n.
564 1996 644 2057 5381
668 2012 750 2056 saec.
773 1994 825 2056 XI.

56 2132 134 2195 Em:
156 2133 306 2210 excerpta
327 2127 510 2190 Florentina
532 2124 670 2205 margini
694 2124 841 2188 ediiionis
862 2125 1048 2189 Vicentinae
1069 2126 1241 2207 adscripta.

56 2262 99 2324 E:
157 2259 299 2324 eiusdem
320 2277 452 2333 manus,
476 2256 526 2319 cui
551 2254 707 2318 debentur
729 2258 879 2335 excerpta
902 2255 1100 2332 Florentino,
1124 2261 1326 2320 correcturae
1346 2258 1379 2320 in
1403 2259 1517 2323 eodem

160 2365 346 2428 Vicentmae
367 2362 541 2443 exemplari
563 2364 715 2425 extantes.

56 2501 107 2557 A:
160 2495 256 2557 editio
278 2493 453 2556 Vicentina.

57 2625 105 2706 (A
111 2626 136 2688 ¹:
157 2644 274 2688 manus
295 2625 400 2706 prima
424 2624 465 2687 ab
489 2625 548 2686 Em
571 2628 602 2687 et
623 2625 648 2687 E
671 2624 796 2687 diuersa
818 2625 851 2686 in
874 2626 987 2688 eodem
1009 2626 1194 2688 Vicentinae
1216 2625 1412 2708 exemplari.)

57 2753 136 2835 (A2:
158 2774 274 2817 manus
295 2755 413 2817 ibidem
436 2755 593 2830 secunda,
623 2758 655 2817 et
677 2755 808 2833 quidem
831 2772 915 2833 quae
936 2756 1050 2819 eadem
1078 2757 1173 2819 fuisse
1192 2756 1318 2819 videtur
1337 2760 1434 2834 atque
1456 2758 1515 2860 Ern

157 2866 189 2925 et
209 2860 257 2942 E.)

56 2996 107 3054 11:
151 2991 253 3054 codex
272 2990 436 3053 Parisinus
456 2991 510 3053 lat.
533 2991 615 3054 8083
637 2991 772 3054 membr.
796 3010 877 3054 saec.
902 2992 982 3054 XIII.

54 3127 104 3184 B:
147 3121 248 3184 codex
269 3120 500 3202 Neapolitanus
520 3121 733 3184 Farnesianus
754 3122 808 3184 ΠΗ
829 3123 853 3184 Ε
876 3123 917 3184 47
939 3122 1074 3184 mernbr.
1099 3141 1181 3185 saec.
1205 3122 1283 3185 XIII.

54 3257 100 3315 A:
144 3251 245 3314 codex
266 3251 500 3315 Ambrosianus
521 3253 551 3314 S.
575 3253 615 3316 66
637 3272 705 3334 sup.
728 3252 863 3315 membr.
887 3272 969 3315 saec.
992 3252 1059 3315 XV.

11 3435 17 3450 ,
53 3404 88 3445 ει
149 3385 299 3462 excerpta
322 3381 496 3463 Gyratdina
518 3381 551 3445 in
578 3383 723 3463 margine
746 3384 884 3446 Aldinae
913 3384 1103 3465 exemplaris
1125 3383 1346 3464 Lugdunensis
1368 3382 1462 3445 757G
1486 3383 1514 3444 a
1591 3404 1592 3407 ¹

51 3535 97 3576 m:
151 3512 298 3575 codicum
320 3532 417 3593 supra
447 3517 708 3577 enumeratorum
737 3511 876 3594 (praeter
898 3515 958 3577 Em
980 3519 1012 3577 et
1031 3516 1057 3578 E
1079 3519 1111 3578 et
1132 3522 1165 3575 A
1172 3515 1179 3550 ¹
1203 3514 1264 3596 Aa)
1292 3534 1472 3579 consensus

51 3664 90 3728 <3
145 3642 269 3706 codices
291 3643 471 3707 deteriores

182 3821 250 3883 Iam
271 3810 346 3882 vero
368 3821 454 3903 ipsas
483 3823 633 3885 lectiones
663 3823 707 3885 sie
735 3828 771 3886 ut
794 3825 980 3905 comparavi
1003 3825 1175 3898 exhibebo;
1206 3825 1297 3887 omisi
1325 3826 1403 3889 taIIa
1431 3847 1515 3906 quae
1575 3816 1578 3821 ⁶

46 3947 188 4012 prorsus
210 3930 332 3993 incerta
350 3930 430 3991 mihi
451 3931 519 3992 visa
540 3934 615 3994 sunt
636 3931 723 3993 velut
744 3950 827 4011 quae
849 3931 892 3995 ad
912 3932 1008 4012 Torp.
1034 3932 1071 3994 10
1092 3931 1255 3994 Claverius
1279 3933 1378 3994 adnot
1399 3936 1421 3994 t.
