3472 5392
849 514 889 576 It

263 693 534 756 Claudianeerum
556 694 665 756 autem
689 690 868 754 carminum
889 691 968 754 ordo
991 693 1038 752 est
1059 688 1128 752 hic:
1159 690 1199 752 in
1222 690 1420 754 Rufinum
1451 690 1552 752 libri
1572 690 1593 752 ll

142 796 211 878 (sed
233 798 277 861 itu
298 802 334 861 ut
355 798 459 879 postl
480 801 633 878 sequatur
652 798 679 860 II
702 801 733 859 et
752 800 822 860 tum
843 796 1000 877 praefatio
1022 796 1055 858 ln
1075 793 1123 874 ll),
1154 795 1200 860 dc
1227 796 1337 858 bello
1365 795 1594 872 Gildonico,

140 903 179 966 In
205 903 450 984 Eutropium
478 901 578 964 libri
600 902 643 979 H,
679 901 956 978 Fescennina,
987 891 1319 982 ¹Epithalamium
1344 901 1527 963 Honorii
1563 906 1595 964 et

138 1008 309 1085 Mariae,
334 1008 373 1071 in
393 1008 441 1071 Ill.
465 1008 729 1072 consulatum
750 1007 942 1085 Honorii,
965 1006 1006 1068 in
1027 1005 1076 1068 lV.
1100 1026 1205 1069 cons
1229 1007 1336 1085 Hon.‚
1360 1007 1399 1068 in
1423 1026 1536 1069 cons.
1558 1007 1593 1069 u.

139 1114 364 1192 Theodori,
389 1114 647 1177 delaudibus
669 1112 889 1176 Stiliconis
912 1112 1012 1175 libri
1032 1112 1082 1188 III,
1106 1111 1529 1189 inVIconsH0norii,
1553 1112 1594 1174 de

138 1219 249 1287 belle
270 1219 519 1282 Pollentino.
564 1222 596 1282 et
617 1218 698 1281 haec
719 1219 850 1300 quidem
866 1218 1010 1281 carmina
1031 1217 1160 1298 politica
1179 1219 1245 1281 sive
1261 1218 1401 1294 maiora,
1424 1218 1517 1298 quod
1534 1237 1594 1280 non

139 1325 290 1405 ignorans
304 1325 452 1388 librarius
474 1325 660 1388 contionum
675 1324 835 1388 scribendi
850 1343 979 1387 cursum
994 1324 1197 1404 interrumpit
1213 1323 1409 1404 dimidioque
1433 1323 1501 1387 fere
1525 1324 1594 1387 folio

76 1464 81 1470 =
139 1450 242 1494 vacue
256 1431 366 1494 relicto
380 1450 446 1493 non
461 1430 521 1493 nisi
535 1430 616 1493 haec
631 1430 731 1494 verba
746 1429 852 1493 addit:
875 1429 1017 1510 Explicit
1033 1429 1072 1492 de
1094 1430 1196 1493 titulis
1218 1429 1449 1493 lleodcsicrum
1470 1428 1595 1492 bonerii

139 1541 167 1598 et
188 1535 351 1600 stiliconis.
393 1537 542 1601 Andreas
561 1537 691 1619 scripsit
719 1538 770 1600 cui
785 1555 945 1618 prospere
967 1555 1084 1620 queque
1105 1534 1174 1599 dies
1194 1536 1236 1598 sil
1247 1532 1279 1615 ¹).
1324 1539 1393 1597 tum
1417 1537 1596 1614 sequuntur

139 1643 188 1705 ab
217 1643 359 1706 eadem
389 1662 512 1706 manu
541 1641 737 1722 scriptsI)
769 1641 913 1705 carmina
942 1642 1085 1718 miuora,
1122 1659 1261 1721 quorum
1291 1639 1324 1702 in
1353 1640 1596 1703 enumeratione

138 1748 279 1811 numeris
301 1748 504 1812 Gesnerianis
524 1749 570 1812 uti
593 1749 704 1812 veIIm:
733 1749 797 1826 XL,
821 1748 933 1825 XXIX,
955 1747 1097 1825 XXXIX,
1121 1747 1180 1824 LII,
1203 1746 1308 1822 XLIV,
1330 1746 1464 1822 XLVIII,
1489 1746 1595 1822 XLIX,

137 1854 256 1932 XLVII,
279 1854 414 1931 LXXIV,
437 1854 591 1932 XXXVII,
614 1854 707 1931 XCV,
735 1855 783 1931 LI,
813 1854 935 1931 LXXV,
958 1854 1093 1932 LXXVI,
1117 1853 1309 1928 LXXXVIII,
1339 1852 1492 1930 LXXVII,
1524 1853 1596 1930 LIII,

137 1960 184 2023 De
211 1959 369 2041 Dulcioss),
408 1961 571 2038 LXXXIII,
599 1960 705 2037 XLVI,
734 1961 828 2038 LXX,
858 1959 965 2037 LXXI,
994 1959 1056 2038 LV,
1085 1960 1206 2035 LXXII,
1235 1959 1369 2035 LXXIII,
1398 1958 1491 2036 XLI,
1506 1960 1595 2035 XLII,

138 2066 391 2148 Epithalamium
419 2065 591 2143 Laurentii,
618 2066 751 2142 LXVIII,
784 2067 830 2129 De
859 2066 1005 2143 Bacche,
1043 2067 1089 2129 De
1117 2067 1235 2143 Marte,
1265 2065 1340 2142 LVI,
1371 2065 1461 2143 LVII,
1494 2066 1595 2144 LVIII,

138 2172 229 2249 LXII,
259 2172 336 2248 LIII,
367 2172 431 2247 LX,
456 2172 533 2248 LXI,
562 2172 661 2248 XXX,
691 2172 802 2249 XXXI,
830 2172 936 2251 XCIII,
964 2172 1071 2249 XCIV,
1101 2173 1256 2236 LXXXIII
1266 2174 1301 2252 ⁴),
1333 2171 1458 2247 LXXX,
1491 2171 1596 2248 XLIII,

137 2276 289 2354 LXXXV,
311 2276 448 2355 LXXXI,
469 2278 545 2356 LIV,
566 2278 732 2356 LXXXVI,
762 2269 924 2355 LXXVIII,
948 2278 1126 2355 LXXXVII,
1157 2277 1264 2355 LXIX,
1286 2277 1378 2354 XLV,
1398 2276 1495 2355 XCII,
1519 2277 1597 2355 XCI,

138 2383 302 2460 LXXXIV,
325 2384 462 2461 LXXIX,
484 2383 635 2462 LXXXII,
655 2383 822 2461 LXXXIX,
842 2383 907 2461 XC,
931 2385 965 2447 L.

261 2490 350 2554 Haec
372 2490 540 2553 Claudiani
563 2509 662 2571 opera
682 2489 715 2552 in
738 2489 847 2553 codice
874 2493 984 2555 nostro
1014 2488 1095 2552 foliis
1119 2489 1176 2552 123
1206 2489 1425 2565 contiuentur,
1456 2507 1599 2568 quorum

138 2595 262 2676 singula
292 2596 325 2658 in
354 2599 491 2676 utraque
517 2595 637 2677 pagina
663 2597 785 2659 34-36
814 2616 924 2659 versus
952 2596 1083 2660 habent.
1129 2595 1278 2659 ultimum
1316 2593 1427 2657 lolium
1457 2594 1601 2675 complet

137 2702 234 2765 index
256 2721 391 2783 operum
410 2701 577 2765 Claudiani
607 2701 647 2764 de
669 2721 733 2783 quo
760 2703 864 2784 capIte
884 2703 925 2764 VI
954 2701 1082 2783 copiose
1103 2704 1213 2764 actum
1235 2704 1290 2764 est.
1335 2699 1600 2780 inscriptionibus

138 2812 227 2871 caret
247 2808 356 2885 codex,
378 2827 443 2889 qua
465 2808 504 2871 de
525 2826 560 2870 re
581 2807 618 2870 cI.
640 2808 882 2872 adnotationem
902 2806 945 2871 ad
962 2807 1090 2889 capVI.
1133 2806 1255 2870 scholia
1277 2805 1341 2868 huc
1362 2805 1436 2867 illuc
1458 2824 1481 2868 a
1497 2825 1601 2868 manu

137 2914 312 2995 posteriore
334 2915 488 2996 adspersa
509 2914 723 2991 mvenirmtur,
744 2915 801 2978 sed
822 2935 888 2978 non
910 2914 955 2978 ita
976 2913 1087 2994 magni
1109 2917 1184 2976 sunt
1202 2911 1412 2989 aestimanda,
1435 2911 1518 2991 quia
1532 2911 1601 2992 ple

140 3040 278 3102 rumque
309 3020 342 3084 in
362 3021 526 3084 inutilibus
547 3021 810 3102 explicationibus
852 3021 1068 3102 acquiescunt.
1109 3024 1221 3084 contra
1251 3020 1284 3082 in
1311 3020 1379 3100 Ipso
1406 3020 1501 3080 textu
1530 3037 1601 3080 sae

137 3127 312 3208 pissimime
335 3131 500 3207 comparet
521 3147 637 3193 manus
652 3129 687 3206 Il,
711 3149 794 3210 quae
818 3128 916 3192 modo
933 3148 992 3210 per
1006 3147 1154 3192 rasuram
1170 3127 1306 3190 correxit
1320 3146 1455 3190 manum
1471 3128 1485 3189 I
1501 3128 1601 3192 modo

138 3229 272 3298 lacunas
293 3253 374 3315 quas
396 3233 449 3297 illa
470 3234 644 3314 reliquerat
664 3234 802 3315 explevit
823 3234 921 3299 modo
943 3234 1050 3299 varias
1072 3234 1222 3298 lectiones
1245 3233 1472 3314 suprascripsit
1494 3234 1547 3298 vel
1570 3235 1600 3297 in

137 3341 282 3421 margine
305 3340 429 3405 adiecit

257 3635 283 3705 1)
304 3634 440 3688 Attendas
459 3633 540 3689 velim
558 3635 594 3688 ad
612 3635 752 3706 poeticum
772 3636 916 3690 verborum
936 3637 1040 3699 ludum,
1059 3653 1113 3706 quo
1132 3638 1223 3690 utItur
1241 3636 1366 3689 Andreas
1385 3635 1549 3689 monachus.

253 3744 280 3814 2)
298 3743 396 3813 Neque
416 3744 488 3798 enim
506 3744 631 3799 assentiri
650 3762 760 3816 possum
778 3745 882 3815 Jeepio,
901 3746 950 3814 qui
968 3746 1112 3815 sequentia
1131 3747 1165 3799 ab
1185 3745 1241 3799 alia
1253 3762 1337 3798 manu
1348 3745 1442 3814 priori
1454 3745 1600 3800 simillima

138 3833 252 3884 exarata
270 3847 327 3884 esse
348 3832 437 3898 putat,
457 3828 587 3883 nimirum
606 3831 805 3903 subscriptione
824 3831 874 3887 illa
882 3832 1009 3887 Andreae
1028 3834 1063 3886 ad
1083 3832 1155 3886 hane
1173 3831 1339 3885 sententiam
1354 3830 1498 3899 pellectus.
1538 3849 1600 3885 cum

137 3915 202 3969 vero
220 3932 309 3983 neque
331 3915 404 3969 color
423 3915 572 3969 atramenti
591 3932 681 3983 neque
699 3916 856 3971 litterarum
884 3917 984 3972 ductus
1008 3935 1097 3987 neque
1121 3918 1337 3987 orthographiae
1363 3916 1521 3988 proprietas
1541 3935 1600 3971 mu·

136 4005 240 4066 tentor,
258 4019 313 4054 non
333 4003 382 4070 est,
399 4017 447 4053 cnr
465 3999 631 4071 accipiamus
649 4001 732 4055 aliam
755 4020 866 4056 manum
885 4003 915 4056 in
933 4004 1077 4059 scribendo
1096 4003 1187 4058 codiee
1205 4004 1364 4073 perrexisse.
1401 4002 1490 4056 Immo
1500 4004 1599 4058 eadem

137 4105 235 4141 manus
254 4087 344 4156 prima
362 4087 445 4140 etiam
465 4087 677 4154 quaternionum
697 4088 821 4142 custodes
840 4088 948 4158 scripsit
966 4090 1001 4146 ab
1018 4090 1030 4142 I
1048 4105 1137 4157 usque
1155 4089 1191 4143 ad
1209 4089 1259 4142 XV
1277 4105 1378 4152 omnes,
1397 4105 1459 4142 cum
1480 4089 1510 4143 in
1531 4106 1600 4157 qua·

138 4175 264 4230 ternions
285 4173 349 4226 XIII
369 4173 417 4226 fol.
437 4176 451 4225 8
472 4171 594 4226 carmina
612 4173 718 4227 minora
737 4173 880 4243 incipient.

255 4285 280 4354 3)
298 4284 401 4338 Versus
418 4283 467 4338 ille
487 4283 535 4352 qui
553 4283 656 4353 legItur
674 4285 810 4340 Nectarec
837 4300 915 4339 muro
935 4284 1027 4340 dulces
1050 4288 1197 4355 ciuquntur
1221 4287 1322 4340 harene
1356 4285 1427 4339 sicut
1448 4283 1479 4336 in
1503 4290 1603 4340 nostro

137 4371 166 4424 M
187 4371 270 4426 etism
289 4371 464 4426 inVaticuno
483 4368 589 4437 optimo
608 4386 671 4423 cum
690 4369 818 4437 sequenti
836 4371 957 4426 carmine
976 4372 1010 4426 de
1028 4371 1145 4426 Locusta
1163 4371 1324 4426 coniunctus
1342 4379 1396 4434 est3
1416 4368 1484 4424 huic
1502 4376 1603 4428 autem

138 4456 275 4512 Vaticano
294 4456 408 4511 tilulum
428 4456 567 4519 debemus,
589 4473 644 4524 qua
663 4456 697 4510 de
714 4472 743 4510 re
764 4456 798 4509 cf.
818 4457 942 4527 Jeepium
962 4459 1029 4511 tom.
1048 4459 1075 4511 II
1094 4476 1157 4528 app.
1177 4475 1222 4527 pg.
1243 4459 1299 4512 199.

253 4567 281 4636 4)
300 4568 404 4621 Iterum
422 4567 553 4621 hocloco
572 4566 705 4635 scriptum
720 4565 860 4621 invenitur
878 4583 987 4621 carmen
1006 4568 1039 4622 de
1049 4567 1168 4622 Locusta
1186 4568 1293 4632 sedita,
1313 4572 1344 4620 ut
1360 4566 1457 4622 exalio
1471 4571 1603 4639 exemplo

138 4651 333 4720 depromptum
352 4652 491 4723 videatur;
519 4670 584 4707 nam
610 4652 658 4706 ubi
685 4669 769 4722 supra
792 4652 896 4722 legilur
920 4653 1060 4724 dumique,
1086 4654 1133 4708 hic
1161 4656 1238 4708 extat
1260 4653 1415 4722 dubiisque,
1439 4653 1489 4706 ubi
1515 4672 1604 4726 supra

135 4739 243 4810 parcc‘s,
262 4738 301 4793 ibi
320 4739 364 4795 hic
381 4757 400 4809 p
418 4757 481 4794 cum
498 4740 590 4810 spatio
608 4756 695 4795 vacuo
712 4741 779 4808 apto
798 4740 865 4794 3-s
881 4738 990 4794 litteris.
