3472 5392
852 395 894 459 48

206 598 301 639 uersus
400 576 486 643 XV¹)
553 575 596 628 De
614 573 729 628 clamide

206 683 301 723 versus
398 662 461 718 XV

205 768 300 811 ansus
389 747 460 802 XII

205 888 298 929 uersus
327 829 462 923 XXIIII

207 1024 302 1065 sersus
358 965 462 1060 XIIII

419 1101 443 1127 a

552 661 596 714 De
614 676 681 729 equo
700 659 772 713 dono
791 657 856 712 data

553 746 596 799 De
613 761 683 800 eona
701 745 764 813 spui
780 744 851 813 repii

552 862 596 917 Dc
615 861 758 932 torpedine

552 998 597 1053 De
613 1013 694 1068 spera
712 999 907 1055 archimenidis

390 1139 461 1197 1111
552 1134 597 1189 De
614 1135 689 1192 birro

388 1239 462 1333 riir

391 1377 462 1470 dir

360 1501 463 1556 xxn

206 1161 301 1202 versus

207 1299 302 1341 uersus
553 1274 589 1327 In
604 1274 757 1343 sepulcrum
775 1274 896 1342 speciose

553 1407 597 1462 De
614 1408 719 1463 balneis
738 1409 913 1477 quintilianis
930 1409 960 1463 in
980 1408 1028 1462 oin

554 1494 710 1565 Epiprama
728 1495 762 1549 de
781 1511 842 1549 sene
859 1495 1001 1550 veronensi

206 1433 299 1472 vemt

205 1520 299 1559 virm

554 1632 712 1700 Descriptio
727 1637 827 1700 partus
845 1631 989 1688 misnensis

554 1718 712 1787 Descriptio
732 1716 850 1773 armenti

206 1652 300 1692 uersus
436 1634 461 1689 V

205 1735 300 1774 uersus
389 1721 459 1775 XII

206 1857 300 1896 uersus
387 1803 464 1894 IIII

205 1943 298 1982 uersus
381 1924 463 1980 VIII

205 2029 300 2068 uersus
417 2009 462 2062 VI

389 2109 463 2201 1ii1

387 2237 463 2328 riis

387 2372 462 2463 rin

388 2506 463 2601 ri'rr

386 2628 462 2719 rin

553 2728 738 2797 Panapiricus
756 2730 910 2786 aniciorum

551 2815 594 2868 De
612 2815 724 2868 lanaria

550 2901 593 2954 De
611 2899 701 2954 danto

554 1836 598 1890 De
615 1837 661 1891 ira

554 1922 598 1976 De
616 1923 753 1994 quadripa
771 1939 923 1980 marmorea

205 2163 301 2203 sersus
555 2136 599 2191 De
616 2138 710 2192 mallio
729 2145 755 2194 et
769 2141 873 2208 pirario

205 2291 299 2331 sersus
555 2270 643 2325 Dese
661 2273 734 2341 quod
751 2289 855 2343 semper
872 2290 966 2330 uersus
985 2277 1141 2345 loqueretur

206 2427 300 2467 ausus
554 2405 598 2460 De
616 2407 720 2461 lanista

205 2561 301 2601 uersus
553 2541 597 2594 Dc
615 2556 739 2610 paupere
756 2548 865 2596 amante

205 2681 299 2720 ‘limidi

550 3001 564 3038 e
582 2986 742 3039 titulamium
761 2985 840 3054 (sici)
860 2989 992 3044 laurentii
1099 3026 1102 3031 -
1198 3058 1203 3067 .

551 3071 630 3125 Laus
646 3070 725 3125 liberi
743 3078 769 3126 et
786 3073 847 3127 laus
865 3076 963 3130 martis

550 3156 593 3210 De
611 3156 789 3212 innonalibus

550 3241 593 3294 De
610 3247 755 3311 ippotamo
774 3249 800 3298 et
818 3245 965 3300 caccdmllo

550 3327 594 3380 De
613 3329 709 3396 aquila

549 3413 593 3466 De
610 3416 717 3469 aethera

549 3498 592 3552 De
610 3499 699 3567 psidis
717 3500 830 3569 naoipia

549 3585 592 3639 De
610 3587 738 3642 irundine

548 3671 591 3724 De
610 3688 700 3742 msrpo

548 3757 591 3810 De
611 3774 686 3813 cereo

550 3843 591 3896 Do
609 3845 707 3899 ritulis
724 3846 840 3900 marinis

547 3928 591 3982 De
605 3945 730 3999 paupere
748 3933 885 4002 sinpnlari

546 4017 590 4070 De
609 4032 669 4085 ape.

1212 571 1277 624 Non
1297 588 1402 642 semper
1421 574 1504 644 clipei

1213 657 1235 710 0
1253 658 1324 719 felia
1341 661 1451 728 sonipes

1211 744 1312 813 Accipe
1324 761 1418 814 parua
1437 750 1481 798 tue

1214 870 1282 942 Quis
1299 888 1356 926 non
1373 870 1539 925 indomitam

1092 1024 1096 1031 ·
1211 1004 1320 1075 Iupiter
1337 1006 1368 1059 in
1383 1021 1475 1074 paroc

1213 1140 1343 1195 Nominis
1362 1141 1461 1195 umbra
1478 1157 1543 1194 man

1213 1275 1326 1330 Putrris
1344 1280 1419 1329 stare
1439 1273 1490 1327 diu

1212 1407 1349 1463 Fontibus
1367 1406 1515 1476 inliqnidis

1212 1493 1296 1548 Felix
1314 1494 1363 1563 qui
1377 1495 1504 1562 propriis

1249 1592 1261 1616 Υ

1218 1628 1340 1684 Uulsin
1360 1635 1504 1708 conspectu

1184 1716 1193 1733 ⁰
1213 1699 1279 1770 Non
1297 1715 1367 1769 tales
1385 1731 1478 1784 speres

1211 1832 1248 1887 In
1271 1832 1392 1886 mentum
1418 1830 1544 1901 quodcum

1215 1917 1283 1989 Quis
1303 1917 1379 1971 dedit
1397 1917 1545 1970 innumeros

1215 2003 1289 2073 Quia
1306 2018 1362 2058 non
1379 2018 1458 2056 secus
1475 2017 1544 2056 amor

1213 2135 1330 2191 Mallius
1345 2135 1470 2206 indulpet

1209 2258 1351 2340 vQuicquid
1368 2270 1482 2324 castalio

1211 2402 1318 2458 Horret
1334 2417 1410 2471 apere

1212 2535 1371 2604 Paupertas
1387 2551 1429 2590 me
1446 2552 1506 2592 sesa

1210 2669 1264 2723 Est
1277 2672 1379 2739 prccnl
1400 2671 1500 2740 imperti

257 4170 352 4235 Hunc
367 4170 505 4233 indicem
521 4169 729 4250 disputationi
746 4174 875 4234 nostras
894 4171 1099 4236 inserendum
1113 4175 1308 4255 putarim,
1332 4178 1409 4258 quia
1424 4214 1464 4221 -
1479 4181 1515 4241 ut
1528 4178 1546 4240 is

137 4296 235 4359 supra
257 4276 378 4339 dictum
400 4279 447 4339 est
468 4311 508 4318 —
530 4274 626 4356 pauci
648 4277 776 4338 tantum
798 4266 966 4340 Claudiani
989 4278 1114 4342 cortices
1136 4300 1270 4362 operum
1293 4282 1413 4346 hrdioes
1427 4285 1546 4366 praebe

136 4383 235 4448 atrei
257 4382 388 4464 quidem
409 4382 559 4446 librariae
586 4381 739 4463 antiquae
767 4386 928 4446 amatores
949 4384 1118 4449 attendant
1139 4386 1235 4450 velim
1257 4389 1302 4458 ad
1320 4388 1462 4470 primam
1482 4391 1545 4453 indi

136 4490 329 4567 columnam,
352 4489 385 4552 in
408 4510 473 4571 qua
495 4488 747 4552 stiehometricas
767 4508 918 4553 numeros
940 4491 1045 4554 scriba
1066 4492 1205 4556 addidit:
1232 4514 1316 4575 quae
1337 4515 1387 4558 res
1410 4497 1546 4560 etiams

258 4637 284 4703 1)
304 4634 348 4688 hic
365 4635 395 4689 in
414 4636 498 4689 aliam
517 4634 649 4704 paginam
670 4634 813 4688 transitur.
