3472 5392
841 396 881 457 38

260 575 343 639 Huic
365 575 629 639 demonstrationi
650 595 707 656 per
729 574 901 638 lectionum
924 575 1063 638 maxime
1083 577 1203 640 indices
1225 579 1392 645 absolutae
1410 583 1490 647 nihil
1512 587 1586 650 addo
1601 566 1624 603 '¹

137 683 197 747 nisi
219 683 290 746 hoc.
333 682 434 745 codex
455 682 487 745 M
509 702 548 745 ex
570 682 672 745 Gallia
693 681 910 744 Mediolanum
933 682 1056 744 venisse
1078 686 1110 745 91
1131 683 1206 745 olim
1225 684 1392 750 Avenione
1415 689 1511 754 fiiisse
1532 692 1587 773 ipse
1629 674 1633 679 ¹

137 809 206 852 sese
227 790 405 852 attestatur.
449 788 558 869 itaque
580 787 728 851 Cuiacius
757 788 782 850 si
806 806 844 849 eo
874 806 950 850 usus
973 791 1036 864 est,
1068 807 1272 869 comparasse
1302 811 1376 854 eum
1407 794 1467 859 sibi
1495 800 1589 877 potest

137 893 305 958 Avenione
327 893 477 974 favetque
495 893 572 956 illud
588 893 663 956 huic
686 893 896 970 coniectm'ae,
920 893 1007 973 quod
1024 897 1137 956 notum
1160 898 1207 958 est
1223 895 1391 961 Cuiacium
1410 919 1497 965 anno
1522 903 1587 966 1571

137 1000 171 1064 in
194 999 331 1064 Galliam
352 999 595 1062 Narbonensem
617 1019 655 1062 eo
678 999 808 1061 consilio
836 999 894 1061 iter
915 999 1041 1076 fecisse,
1071 1002 1107 1062 ut
1129 1001 1254 1064 codices
1275 1004 1428 1085 antiquos
1455 1007 1500 1070 ibi
1526 1027 1589 1071 con-

140 1107 280 1189 quireret
304 1104 355 1187 (cf.
376 1106 500 1170 Berriat
527 1106 571 1169 St.
594 1105 670 1168 Prix
698 1105 786 1186 apud
815 1106 1113 1186 Spangenbergium
1143 1127 1174 1187 p.
1196 1106 1258 1188 56).
1302 1110 1400 1173 redeo
1434 1133 1512 1177 vero
1540 1115 1590 1178 hoc

138 1213 209 1276 loco
236 1211 279 1276 ad
299 1211 348 1289 id,
377 1210 464 1291 quod
484 1211 517 1274 in
543 1212 613 1292 ipsa
639 1210 756 1274 codicis
778 1211 990 1291 descriptione
1011 1230 1043 1292 p.
1066 1212 1105 1275 23
1127 1213 1254 1291 monui,
1284 1215 1463 1280 Avenionis
1484 1238 1603 1293 nomen¹
1639 1228 1642 1285 t

139 1319 168 1383 ei
198 1318 386 1399 inscriptum
413 1317 557 1380 inveniri.
600 1317 645 1381 ita
673 1322 782 1380 autem
811 1336 862 1379 res
892 1336 925 1380 se
954 1316 1061 1380 habet.
1110 1318 1211 1381 codex
1236 1319 1288 1384 hic
1316 1341 1382 1385 non
1412 1324 1591 1404 primariam
1638 1288 1642 1401 l

139 1423 363 1505 compaginem
390 1443 477 1487 nunc
505 1423 620 1500 habet,
651 1423 707 1486 sed
727 1442 766 1486 ea
794 1426 967 1504 postquam
989 1423 1142 1487 dissoluta
1169 1424 1229 1488 suit
1256 1446 1376 1490 novam
1406 1434 1439 1492 et
1467 1431 1591 1495 alteram

139 1549 254 1612 passus
274 1534 322 1594 est
346 1530 443 1612 idque
463 1529 580 1594 accidit
600 1529 734 1592 fortasse
755 1528 882 1592 saeculo
905 1528 985 1591 XVI.
1029 1530 1061 1593 in
1085 1530 1181 1594 huius
1202 1535 1310 1595 autem
1332 1533 1492 1598 involucri
1511 1540 1597 1618 parte,
1639 1590 1642 1597 .

141 1637 290 1702 interiore
312 1637 394 1701 haec
416 1635 535 1717 scripta
555 1639 646 1698 sunt:

430 1831 633 1919 Claudianus
656 1836 767 1894 contra
790 1830 968 1912 Rufriuuuu

428 1938 478 2003 De
498 1937 576 2002 bello
600 1937 777 2002 Cildouicu

429 2043 471 2108 Iu
492 2043 694 2123 Eutropium.

429 2149 587 2214 Eiusdem
609 2149 844 2230 Epitalauuiuut
865 2150 900 2212 iu
922 2148 1055 2229 Nuptiis
1078 2149 1218 2215 Houorii

817 2256 900 2336 Aup.
923 2263 951 2319 ct
972 2255 1110 2320 Mariae.

390 2363 493 2428 luuc
516 2363 691 2428 codicem
712 2382 792 2425 uua
820 2382 903 2425 curu
924 2363 1069 2427 uultis
1090 2363 1194 2427 aliis
1216 2363 1360 2428 Aecul-

400 2528 407 2545 x
748 2487 818 2532 oue
839 2467 1061 2532 vellendum
1084 2470 1321 2534 curarimus

430 2575 586 2639 Eiusdem
610 2574 724 2638 Claud.
767 2573 820 2638 De
841 2573 975 2654 Nuptiis
997 2574 1136 2639 Houorii

828 2688 856 2744 ct
876 2681 1014 2745 Mariae.

433 2785 484 2850 Dc
503 2786 594 2849 terlio
619 2786 796 2850 Consulatu
817 2785 956 2851 Houarii
979 2787 1128 2869 Aupusti.

432 2891 612 2974 Paucpyrie
634 2894 668 2955 iu
689 2893 743 2954 4.“’
767 2898 795 2956 et
816 2892 872 2955 6:⁴⁷
895 2895 1034 2958 eiusdem
1057 2895 1124 2962 Ho-

776 2999 861 3063 uorii
883 2997 1069 3064 Consulatu.

432 3101 483 3166 De
504 3101 582 3167 bello
606 3101 722 3167 Getico.

461 3209 504 3272 Et
525 3209 593 3273 aliu
616 3210 765 3273 eiusdem.
817 3213 980 3290 catalopus
1002 3232 1132 3290 operula

393 3337 439 3380 cul
461 3315 596 3396 Horatij
616 3315 745 3379 Poetica
817 3317 992 3384 claudiani.

393 3442 441 3485 cul
464 3422 618 3485 Auctoris
638 3421 832 3488 subdiaconi
852 3425 888 3486 iu
909 3424 1009 3487 Actus
1033 3421 1238 3504 Apostoloru’

639 3588 685 3651 M
703 3591 732 3653 9.
776 3589 851 3668 Sup.

269 3777 460 3860 Catalogum
482 3799 615 3861 operum
637 3799 704 3843 esse
720 3779 810 3842 vides
831 3798 915 3860 quae
936 3777 1037 3840 codex
1060 3776 1230 3839 contineat.
1270 3775 1310 3838 de
1335 3793 1372 3837 eo
1393 3775 1509 3836 autem
1530 3771 1611 3835 hacc

147 3884 323 3947 observavi.
366 3888 431 3948 tres
452 3887 561 3949 variae
589 3905 705 3948 manus
728 3885 808 3948 haec
836 3884 1005 3964 scripsere;
1037 3902 1103 3946 una
1131 3883 1260 3964 quidem
1287 3880 1406 3944 saeculi
1434 3880 1504 3942 fere
1527 3879 1612 3943 Xllll

148 3990 331 4072 catalogum
352 3991 427 4056 fecit
446 4013 549 4075 usque
570 3993 613 4056 ad
630 3991 680 4056 De
701 3991 778 4056 bello
798 3991 923 4069 Celico;
947 3989 1083 4053 eandem
1100 3990 1215 4070 siglam
1234 3989 1274 4051 M
1289 3991 1317 4052 9.
1342 3987 1419 4066 Sap.
1445 3986 1612 4049 addidisse

147 4100 243 4178 put03
276 4101 324 4162 est
351 4102 460 4162 autem
489 4119 527 4162 ea
557 4099 624 4162 sine
655 4098 753 4161 dubio
782 4097 1015 4161 bibliothecarii
1045 4096 1212 4159 cuiusdam
1240 4093 1496 4158 Mediolanensis.
1551 4092 1612 4157 alia

147 4223 264 4268 manus
293 4186 358 4269 non
387 4207 489 4269 multo
517 4210 590 4286 pest
619 4205 743 4268 addidit
771 4208 835 4267 tres
863 4204 991 4267 ultimos
1013 4223 1123 4266 versus
1149 4202 1223 4264 inde
1249 4202 1291 4264 ab
1313 4201 1356 4264 Et
1378 4200 1455 4264 alia.
1501 4215 1613 4262 rursus

148 4310 212 4374 alia
227 4313 335 4374 autern
353 4315 384 4375 91
398 4311 457 4374 illis
479 4311 583 4376 ambis
604 4311 810 4392 antiquior
832 4311 958 4388 1111199,
981 4310 1184 4391 quaetverba
1206 4308 1351 4372 exaravit
1369 4307 1453 4370 lluuc
1474 4294 1614 4369 codicem

147 4437 214 4482 uua
239 4438 309 4483 auru
325 4417 435 4482 uultis
458 4419 535 4482 aliis
555 4419 718 4482 Aaeutouc
735 4417 908 4482 uellcuduul
930 4418 1121 4480 curavimus.
1164 4417 1245 4479 haec
1266 4433 1382 4478 manus
1403 4413 1527 4476 saeculi
1543 4411 1613 4475 XVI

151 4545 219 4589 esse
240 4525 332 4589 facile
353 4529 467 4607 potest.
510 4530 600 4608 patet
621 4526 731 4608 itaque
751 4526 783 4588 in
803 4525 856 4589 illa
884 4524 1039 4588 involucri
1060 4523 1179 4605 pagina
1201 4522 1349 4603 primitus
1369 4518 1449 4582 nihil
1471 4519 1563 4583 extit'

149 4632 209 4694 nisi
232 4631 313 4696 haec
334 4634 434 4697 verba
456 4653 541 4714 quae
563 4637 638 4696 sunt
660 4634 699 4696 de
721 4633 842 4712 origine
865 4631 991 4708 codicis,
1015 4634 1046 4693 91
1063 4650 1136 4693 cum
1153 4633 1265 4710 postea
1287 4645 1420 4707 operum
1445 4626 1614 4706 catalogus
