3472 5392
845 432 931 496 60·

136 604 257 667 Phoen.
280 606 329 666 95.
372 605 521 668 omnibus
544 606 608 669 lere
632 601 807 670 editoribus
828 612 956 688 praeter
978 607 1071 689 Casp.
1093 609 1262 673 Barthium
1284 631 1314 691 p.
1338 613 1399 675 997
1420 614 1544 694 placuit

890 714 1057 796 myrrhata
1079 717 1221 779 relucent

511 818 652 895 Limina,
674 818 781 883 divino
804 823 957 901 spumant
978 821 1093 886 altaria
1116 822 1213 886 fumo

136 947 304 1028 myrrhato
340 950 426 1012 solus
463 948 509 1024 X;
558 953 700 1013 ceterum
737 971 795 1032 pro
837 950 949 1014 liruiuu
984 952 1128 1015 nonnulli
1168 953 1250 1017 inter
1289 974 1369 1035 quos
1404 954 1599 1018 Veronensis

136 1053 271 1117 turnino.
314 1059 345 1118 et
373 1056 513 1120 concedo
535 1057 666 1137 quidem
696 1057 773 1138 quia
801 1058 966 1138 sequentia
996 1059 1036 1121 de
1057 1059 1155 1122 odore
1184 1058 1381 1137 dictasunt,
1412 1060 1508 1124 valde
1540 1061 1599 1128 ad·

136 1161 275 1223 blandiri
296 1161 373 1225 illud
395 1162 571 1244 myrrhato.
615 1164 640 1226 si
663 1167 773 1227 tamen
794 1165 974 1227 accuratius
997 1165 1176 1246 perpendis
1200 1165 1289 1229 haud
1310 1166 1383 1243 scio,
1407 1186 1450 1229 an
1463 1166 1598 1230 Barthio

137 1267 328 1332 assentiaris,
377 1289 454 1332 nam
483 1271 623 1351 primum
653 1271 777 1351 priscae
804 1271 970 1334 latinitatis
997 1271 1128 1352 propria
1156 1275 1204 1334 est
1230 1291 1293 1334 vox
1322 1280 1487 1336 mmratus
1516 1277 1599 1336 teste

136 1374 230 1437 Festo
257 1395 309 1455 pg.
339 1377 405 1452 159,
422 1377 478 1451 aa
511 1377 626 1440 deinde
656 1378 688 1440 in
719 1397 812 1440 usum
842 1378 1007 1459 vulgarem
1037 1379 1163 1441 transiit
1190 1382 1270 1442 teste
1289 1379 1428 1460 Vulgata
1457 1378 1600 1460 (Marcus

137 1481 184 1557 15,
201 1480 263 1562 23).
308 1487 420 1546 contra
446 1483 552 1547 nullus
579 1484 684 1547 bonus
711 1487 807 1565 poeta
837 1488 869 1547 01
897 1504 937 1547 00
961 1484 1094 1548 Ρ100100
1116 1485 1246 1566 quidem
1275 1485 1336 1549 hoc
1363 1487 1522 1551 vocabulo
1552 1489 1600 1551 011

137 1608 234 1651 00000
255 1591 311 1652 cst.
355 1593 522 1670 praeterea
551 1592 790 1655 animadvertas
819 1598 997 1654 00000100(
1026 1592 1221 1673 ubicumque
1247 1592 1386 1655 occurrit
1412 1613 1478 1656 non
1502 1615 1601 1675 prae·

137 1694 237 1758 dicari
265 1696 325 1758 nisi
352 1697 392 1760 de
419 1697 494 1761 vino
523 1702 580 1762 aut
608 1699 737 1781 potione
766 1699 803 1761 01.
826 1700 908 1762 Fest.
931 1699 950 1762 1.
971 1699 1008 1776 1.,
1038 1699 1079 1762 ib.
1105 1699 1208 1775 leue
1238 1703 1270 1762 et
1298 1700 1405 1763 locum
1428 1701 1599 1781 Vulgatae.

139 1803 247 1885 itaque
268 1807 377 1867 nostro
407 1805 492 1883 1000,
521 1805 586 1869 sive
609 1806 722 1868 tilpino
744 1807 822 1886 legis
845 1806 911 1869 sive
933 1806 1071 1882 1001100,
1100 1807 1143 1869 ad
1164 1810 1314 1870 neutrum
1341 1808 1432 1871 illud·
1447 1817 1600 1874 murrata

137 1911 218 1975 bene
241 1913 422 1993 adponitur.
460 1914 597 1995 denique
614 1913 732 1976 uriralu
752 1913 784 1984 in
803 1935 827 1972 ω
844 1933 910 1976 000
927 1912 1035 1990 habet,
1056 1933 1121 1994 000
1140 1913 1291 1978 offendat.
1330 1934 1408 1976 nam
1427 1915 1602 1980 Phoenicis

137 2019 306 2082 mirificam
328 2025 464 2084 mortem
487 2021 555 2084 iure
575 2020 734 2084 mirantur
755 2020 876 2084 lumina
900 2020 950 2082 vel
971 2019 1091 2082 limina.

4 2128 12 2206 ζ
75 2156 79 2163 ’
137 2151 184 2214 De
205 2151 288 2214 Salu
314 2153 450 2234 16000.;

490 2259 574 2337 Quin
596 2265 628 2324 et
649 2250 795 2342 supplicii
816 2280 935 2324 nomen
954 2280 1119 2341 nexusque
1141 2260 1261 2338 subisti,

483 2358 532 2430 vUt
551 2388 610 2431 nos
632 2368 770 2449 eriperes
792 2369 855 2430 leto
877 2370 1079 2448 mortemque
1093 2356 1218 2448 -fugasti

489 2475 591 2537 Morte
613 2478 678 2538 tua.

138 2596 266 2676 egregie
293 2597 446 2676 supplicii
475 2599 599 2661 codices
627 2598 790 2673 meliores3
828 2619 906 2662 nam
935 2597 1129 2678 0000110100
1157 2599 1256 2660 letum
1286 2596 1433 2677 designat
1462 2603 1495 2684 01
1524 2619 1601 2663 acu·

137 2704 260 2767 tissima
292 2705 491 2786 oppositione
523 2706 602 2768 dixit
640 2709 736 2787 poeta
769 2706 932 2769 Christum
960 2706 1060 2768 letum
1090 2705 1239 2781 subiisse,
1279 2707 1316 2767 ut
1344 2723 1403 2766 nos
1439 2706 1503 2769 1010
1534 2706 1600 2788 eri·¹

138 2831 296 2892 peremur.
343 2816 454 2875 contra
476 2814 639 2892 (00001011,
662 2814 750 2894 quod
767 2813 866 2876 habet
883 2813 921 2889 X,
944 2812 1048 2893 primo
1071 2813 1186 2874 obtutu
1208 2829 1286 2874 sane
1307 2811 1473 2892 imponere
1495 2817 1602 2894 potest

139 2919 184 2995 ei,
213 2919 268 3000 qui
290 2920 474 2983 recordetur
497 2919 644 3000 coniungi
667 2919 985 3000 soleremancipium
1008 2922 1040 2982 et
1060 2923 1185 2981 nexus(
1213 2921 1323 2980 tamen
1346 2937 1485 2980 acumen
1512 2919 1599 2997 illud,

140 3027 227 3108 quod
256 3026 408 3103 indicavi,
440 3046 477 3088 eo
506 3047 637 3107 prorsus
663 3027 801 3102 deletur;
837 3046 915 3090 nam
942 3046 1000 3107 per
1027 3025 1128 3088 solam
1157 3022 1278 3085 dorileu
1301 3023 1432 3106 μορφήν
1458 3014 1600 3090 salvator

32 3176 35 3180 ‹
138 3132 285 3195 homines
306 3153 372 3196 non
394 3132 510 3213 eripuit
530 3133 602 3196 leto.
647 3133 755 3215 itaque
778 3133 996 3197 doctissimam
1017 3131 1294 3212 interpolationem
1318 3150 1468 3211 agnosco,

139 3258 246 3320 Descr.
269 3277 348 3319 arm.
375 3258 412 3319 12
434 3257 474 3320 de
494 3257 691 3333 Minotauro,
714 3257 769 3338 qui
792 3277 864 3320 curn
887 3260 1033 3320 armento
1056 3257 1271 3336 comparatur,
1293 3255 1425 3318 dicitur:

423 3362 500 3426 Cres
521 3384 601 3444 puer
623 3364 712 3427 haud
733 3364 831 3427 talem
852 3363 1008 3445 potuisset
1030 3363 1164 3425 reddere
1186 3362 1323 3425 sormam
1360 3454 1363 3458 ι
1397 3369 1401 3403 ¹

422 3470 608 3535 Portassent
628 3474 731 3533 totam
754 3471 779 3533 si
802 3471 870 3534 sera
891 3471 1038 3533 membra
1057 3472 1193 3551 patrem.

140 3589 185 3652 ita
214 3610 255 3666 (ος
288 3597 491 3669 praestarent
517 3594 555 3656 X.
613 3598 645 3656 et
675 3593 736 3656 hoc
766 3593 912 3674 quidem,
946 3593 1022 3674 quia
1052 3593 1175 3655 facilius
1207 3596 1273 3668 est,
1303 3590 1413 3653 multis
1443 3590 1478 3652 ni
1510 3591 1629 3654 1011οΓ

141 3698 295 3778 placebit3
328 3700 433 3762 verius
453 3701 587 3764 fortasse
607 3701 684 3764 illud
704 3705 767 3778 est,
791 3701 879 3782 quod
902 3699 1068 3786 difficilius.
1110 3704 1292 3778 portassent
1314 3701 1424 3761 autem
1445 3697 1547 3761 etiam
1565 3717 1610 3760 eo

141 3805 398 3882 commendatur,
430 3807 505 3887 quia
533 3810 686 3889 potuisset
715 3811 799 3871 certe
820 3806 981 3870 desiderat
1002 3806 1360 3887 plusquamperfectum.
1392 3804 1516 3885 itaque
1539 3803 1605 3867 exi-

140 3913 337 3976 stimaverim
365 3922 496 3993 portare
523 3916 658 3978 verbum
690 3915 752 3978 hoc
780 3915 850 3978 loco
882 3934 967 3977 novo
1000 3933 1095 3977 00000
1126 3915 1317 3992 usurpatum
1347 3931 1432 3987 0000,
1468 3911 1535 3974 fere
1566 3929 1599 3974 eo

141 4020 275 4098 scilicet,
307 4041 371 4102 quo
399 4042 458 4084 nos
488 4022 623 4085 dicimus
653 4022 709 4084 Die
737 4023 822 4102 Ziige
851 4025 973 4101 tragon.
1016 4016 1078 4084 Ad
1091 4040 1190 4101 quam
1210 4017 1382 4082 audaciam
1405 4017 1599 4091 Claudianus

141 4128 275 4190 fortasse
312 4147 349 4191 00
381 4129 533 4192 invitatus
572 4132 634 4205 cst,
674 4128 750 4209 quia
792 4133 824 4192 01
861 4129 893 4191 10
932 4126 1103 4208 triumphis
1140 4126 1296 4206 imagines
1331 4124 1462 4188 urbium
1501 4128 1535 4187 01
1570 4123 1598 4189 10

142 4234 306 4297 funeribus
335 4235 491 4315 imagines
526 4240 726 4299 mortuorum
754 4234 995 4317 cportabantur'⁸
1046 4238 1214 4314 praeterea
1251 4253 1290 4295 ex
1317 4231 1423 4294 Plauti
1439 4249 1601 4296 0000000

142 4342 240 4405 affero
262 4342 454 4405 locutionem
479 4343 596 4419 ,ferre
618 4343 867 4423 imaginem’3
901 4343 938 4406 cl.
963 4340 1134 4405 Lorenzius
1156 4340 1198 4403 ad
1216 4339 1324 4403 Plauti
1342 4337 1403 4401 Mil.
1428 4338 1508 4418 glor:
1537 4338 1600 4403 150.

142 4448 280 4529 deniqne
302 4449 399 4512 etiam
421 4450 573 4512 hocloco
595 4454 704 4513 nostro
726 4450 756 4512 X
775 4449 894 4512 diffide.
1484 4459 1487 4466 '

266 4579 323 4642 llis
345 4580 498 4643 absolutis
520 4578 1088 4661 00011011001000000011110110000
1110 4578 1193 4640 (1000
1215 4575 1478 4639 tantummodum
1499 4577 1605 4642 certae

142 4689 318 4767 firmaeque
341 4686 492 4750 lectiones
513 4693 699 4768 supersunt,
731 4701 812 4768 quas
832 4687 861 4749 X
883 4684 1083 4766 suppeditat,
1116 4685 1256 4765 primum
1279 4684 1312 4746 in
1336 4680 1419 4744 bello
1440 4680 1522 4745 Poll.
1545 4682 1605 4747 610
