3480 5356
193 1520 300 1654 Cum
315 1587 380 1651 iarn
395 1591 525 1652 auctore
546 1588 716 1652 Theodoro
728 1588 806 1665 Birt,
826 1606 904 1664 v.e.,
927 1586 1016 1650 euius
1039 1587 1079 1650 de
1091 1586 1269 1650 Claudiano
1290 1590 1386 1668 poeta
1409 1587 1523 1652 merita

68 1695 194 1758 notiora
222 1697 297 1756 sunt
325 1694 424 1775 quam
453 1698 489 1758 ut
517 1715 608 1758 meas
637 1695 699 1757 hoc
720 1693 791 1759 loco
813 1693 994 1757 desiderent
1014 1692 1141 1770 laudes,
1173 1693 1408 1774 aliquantulum
1429 1694 1461 1756 in
1484 1714 1522 1757 eo

33 1843 37 1847 -
67 1805 163 1882 poeta
193 1801 314 1864 versari
343 1802 534 1882 coepissem,
571 1821 698 1865 summa
727 1800 913 1881 amplissimi
942 1800 1159 1881 praeceptoris
1188 1801 1252 1863 mei
1281 1801 1314 1862 in
1342 1821 1395 1864 me
1424 1801 1521 1865 bene-

66 1907 205 1970 volentia
227 1906 349 1970 factum
371 1911 427 1985 est,
450 1912 486 1972 ut
507 1908 550 1971 ad
573 1907 801 1972 conferendum
814 1907 1084 1973 Mediolanensem
1099 1907 1267 1971 Claudiani
1289 1908 1441 1984 codicem,
1466 1908 1521 1989 qui

65 2011 148 2076 inest
183 2013 215 2075 in
250 2013 445 2078 bibliotheca
474 2015 691 2079 Ambrosiana
726 2015 785 2078 sub
821 2015 911 2096 signo
939 2015 998 2078 Mn
1026 2034 1113 2096 sup,
1151 2013 1239 2078 initio
1278 2014 1354 2078 anni
1383 2014 1520 2096 proximi

65 2119 257 2200 designarer.
309 2141 373 2202 quo
403 2122 547 2187 confecto
576 2122 732 2187 mandato
761 2122 883 2187 maiore
913 2141 987 2184 cum
1017 2121 1180 2202 diligentia
1208 2120 1376 2185 Claudiani
1407 2120 1519 2183 studiis

62 2245 116 2288 me
154 2226 311 2291 dedidisse
355 2232 606 2293 consentaneum
644 2232 700 2292 est.
756 2230 874 2319 quibus
909 2228 1083 2291 inserviens
1128 2246 1202 2290 cum
1232 2227 1367 2291 Claverii
1402 2233 1518 2310 poetae

62 2333 163 2396 nostri
185 2333 356 2398 editionem
375 2339 615 2416 pertractarem,
639 2335 757 2400 miram
777 2334 943 2416 quandam
963 2335 1045 2398 inter
1066 2335 1154 2399 illam
1175 2353 1314 2415 eumque
1335 2355 1431 2416 quem
1453 2336 1517 2399 dixi

26 2447 31 2453 '
62 2438 206 2502 codicem
227 2440 496 2505 Mediolanensem
526 2442 721 2506 intercedere
750 2440 938 2505 relationem
963 2441 1071 2505 animo
1093 2441 1239 2504 occurrit,
1287 2440 1372 2505 hane
1394 2441 1427 2504 in
1448 2461 1517 2505 rem

60 2545 242 2608 accuratius
263 2546 435 2628 inquirenti
457 2548 532 2612 novi
552 2548 674 2630 aliquid
691 2547 859 2612 Claudiani
876 2547 1074 2612 amatoribus
1097 2547 1210 2610 offerre
1226 2565 1319 2627 posse
1336 2547 1416 2610 mihi
1431 2549 1516 2611 visus

59 2669 132 2712 sum
154 2650 263 2732 itaque
285 2655 474 2734 opuseulum
500 2655 563 2718 hoe
590 2655 727 2718 scribere
757 2655 890 2736 suscepi.
937 2654 992 2718 sed
1015 2653 1204 2734 priusquam
1235 2654 1278 2717 ad
1300 2673 1369 2717 rem
1389 2654 1515 2733 adeam,

59 2755 213 2821 hocloco
237 2778 399 2823 summam
425 2780 478 2824 me
500 2761 638 2842 gratiam
659 2761 776 2825 referre
803 2763 929 2842 oportet
949 2760 1119 2824 Theodoro
1140 2759 1224 2837 Birt,
1253 2759 1308 2841 qui
1336 2759 1433 2824 etiam
1462 2781 1515 2825 ex-

58 2866 170 2943 cerpta
191 2864 299 2946 aliqua
328 2866 371 2929 ad
392 2865 573 2930 Claverium
590 2866 820 2949 Cuiacinmque
847 2867 1026 2948 spectantia
1054 2866 1193 2948 quaein
1221 2865 1343 2930 scriniis
1372 2867 1515 2932 habebat
1549 2873 1552 2878 ’

57 2968 278 3034 liberalissime
297 2971 376 3034 mihi
397 2973 518 3036 utenda
539 2975 737 3039 concesserit.
893 3059 895 3064 Ι

182 3076 217 3138 ln
238 3077 368 3142 edendis
390 3078 486 3159 igitur
501 3079 625 3144 Claudii
641 3080 809 3145 Claudiani
831 3080 981 3160 operibus
1002 3079 1100 3144 etiam
1122 3082 1233 3143 nostra
1254 3082 1360 3144 aetate
1381 3079 1514 3144 alicuius

56 3181 212 3244 momenti
243 3185 291 3245 est
318 3183 414 3247 editio
443 3203 463 3272 a
488 3184 653 3265 Stephano
682 3183 855 3265 Claveri01)
889 3204 974 3248 anno
1006 3176 1085 3248 1'602
1115 3185 1275 3263 confecta,
1311 3186 1429 3267 quippe
1458 3187 1513 3268 qui

22 3342 27 3348 .
55 3289 184 3366 praeter
205 3307 316 3352 omnes
337 3289 402 3353 fere
424 3309 508 3371 quae
525 3294 602 3354 tune
624 3294 716 3354 erant
735 3290 889 3354 editiones
910 3294 1025 3372 poetae
1045 3290 1109 3354 duo
1131 3291 1256 3355 codices
1271 3290 1512 3355 JacobiCuiaeii

56 3391 249 3458 adhibuerit.
300 3395 355 3476 qui
385 3415 459 3459 eum
487 3416 508 3459 a
536 3415 602 3460 non
627 3396 738 3477 paucis
767 3396 946 3477 gravissimi
966 3396 1069 3460 fontes
1100 3397 1203 3460 habiti
1232 3397 1295 3461 sint
1324 3397 1512 3480 criticosque

54 3504 233 3578 apparatus
268 3501 427 3566 editorum
464 3503 571 3566 adhuc
607 3508 780 3584 occupent,
818 3503 1016 3569 accuratiore
1051 3506 1193 3569 tractatu
1220 3504 1307 3585 digni
1335 3524 1403 3568 esse
1432 3505 1511 3569 mihi

55 3603 213 3669 videntur.
1252 3687 1256 3694 ²

177 3710 226 3774 Ac
243 3712 384 3792 primum
406 3715 537 3796 quidem
558 3715 740 3792 videamus
771 3734 854 3796 quae
877 3714 963 3779 dicat
984 3714 1147 3778 Claverius
1169 3713 1236 3796 ipse
1258 3715 1298 3779 de
1319 3714 1511 3779 adiumentis

53 3814 127 3879 suis.
177 3817 281 3898 primo
311 3820 405 3883 nullis
426 3841 459 3884 se
483 3821 649 3886 indulsisse
671 3821 860 3885 coniecturis
882 3821 1000 3884 fatetur
1024 3818 1135 3900 (verba
1158 3820 1240 3883 eius:
1270 3841 1326 3886 nec
1347 3820 1415 3885 ullo
1434 3821 1511 3899 freti

54 3923 255 4006 cavalcatura),
279 3925 426 3989 adhibuit
445 3930 555 3990 autem
577 3931 614 3992 ut
635 3947 732 4009 supra
755 3927 893 3990 diximus
914 3927 1068 3990 editiones
1088 3931 1204 4007 poetae
1222 3947 1306 4009 quae
1327 3931 1404 3990 tunc
1419 3931 1511 3992 erant

54 4032 118 4095 lere
140 4052 251 4096 omnes
275 4029 392 4113 (ornnes
412 4033 507 4097 ctiam
526 4033 679 4099 editiones
699 4031 919 4114 delibavimus)
949 4036 981 4097 et
1009 4033 1042 4095 in
1063 4033 1297 4113 prolegomenis
1320 4053 1394 4096 eum
1415 4033 1510 4097 laude

55 4138 192 4202 editores
210 4139 413 4220 prosequitur
436 4137 635 4217 Camertem,
665 4140 742 4203 item
763 4139 809 4203 Ja.
831 4138 1041 4203 Parrhasium
1063 4135 1131 4219 (qut
1151 4139 1294 4219 plurimo
1314 4138 1455 4221 contulit)
1479 4144 1510 4203 et

54 4243 211 4323 Delrium,
242 4264 338 4326 quem
357 4246 583 4328 manuscriptis
605 4246 891 4329 Antverpiensibus
911 4265 1006 4309 usmn
1026 4264 1094 4308 esse
1117 4243 1162 4308 ait
1182 4245 1302 4309 verbis:
1332 4265 1430 4330 neque
1452 4245 1508 4309 rb.

52 4349 229 4415 Palinunni
249 4352 470 4432 manuscripto
492 4352 537 4433 ei,
560 4360 595 4416 ut
615 4351 722 4432 credo,
744 4352 836 4434 fuere
857 4352 991 4434 ignorem
1020 4352 1057 4440 B
1080 4350 1206 4415 Celsani
1226 4371 1345 4414 nomen
1366 4356 1509 4433 praeter-

53 4457 158 4519 eundo
181 4457 284 4537 tangit
306 4456 352 4538 (ut
372 4457 414 4521 B.
426 4457 460 4522 Ο.
472 4458 635 4541 omittam).
678 4464 806 4541 praeter
829 4459 983 4522 editiones
1005 4457 1184 4537 graviorem
1205 4457 1325 4521 fontem
1345 4457 1509 4522 Claverius

124 4654 150 4722 1)
177 4653 284 4707 Gallico
302 4654 413 4708 nomine
432 4654 550 4709 Etienne
569 4656 603 4709 de
621 4656 759 4720 Claviere,
782 4654 849 4710 alibi
869 4654 953 4709 etiam
970 4656 1125 4724 Stephanus
1144 4654 1271 4724 Claviger
1290 4671 1317 4709 se
1338 4671 1506 4722 nuncupans.
