3472 5392
837 456 878 520 le

116 635 146 698 le
182 657 290 701 eausa
312 655 379 701 non
410 639 458 700 est
480 634 696 716 neglegenda;
726 655 802 700 nam
831 637 920 701 lacile
947 656 1139 717 srnnnmqne
1170 634 1235 698 iure
1257 631 1395 695 conicias
1418 631 1582 713 poematia

116 741 237 808 ultima
258 745 332 809 inde
353 744 397 808 ab
414 742 610 825 Panapirieo
628 743 808 807 aniciorum
829 744 989 825 usquead
1006 745 1116 824 ripun,
1140 743 1259 823 quippe
1275 760 1358 822 (prae
1382 739 1414 801 in
1437 738 1584 819 catalogo

116 853 143 912 et
173 872 332 915 versuum
362 851 605 915 enumeratione
640 853 672 915 et
700 850 805 914 verbis
835 850 1008 914 initialibus
1037 853 1185 925 carluid,
1223 847 1387 911 librarium
1418 865 1483 908 nou
1511 849 1586 909 ante

116 958 233 1021 oculos
252 958 394 1040 potuisse
416 957 546 1034 habere,
568 956 625 1021 sed
648 956 756 1050 titulos
776 948 902 1021 tantum
921 977 1032 1020 eorum
1052 977 1091 1019 ex
1106 955 1253 1035 exemplo
1268 974 1326 1017 suo
1342 951 1585 1035 deprompsisse.

246 1066 313 1128 lam
330 1084 417 1142 vero,
433 1067 504 1128 uta
519 1063 665 1128 Claverio
681 1064 895 1140 exordiamur,
915 1064 1055 1145 primum
1071 1063 1261 1126 observatur
1276 1061 1307 1123 in
1324 1059 1585 1123 adnotationibus

119 1171 190 1236 eius
210 1172 261 1236 bis
284 1173 376 1237 citari
400 1192 535 1254 operum
557 1172 721 1254 quendam
745 1171 891 1235 iudicem.
937 1172 1012 1235 (licit
1034 1171 1119 1234 euim
1143 1170 1185 1233 ad
1209 1187 1339 1231 carnum
1357 1166 1584 1230 DePerdicca:

127 1276 188 1345 Hie
215 1279 328 1345 titulus
356 1278 452 1344 aliter
482 1280 677 1359 conspicitur
705 1281 740 1343 in
762 1284 820 1344 aet.
844 1279 947 1345 codice
967 1286 995 1343 ct
1017 1280 1051 1342 in
1076 1278 1200 1352 indice,
1229 1295 1341 1355 nerrrpe
1363 1274 1402 1337 de
1422 1273 1582 1337 Peliccste

133 1385 311 1453 etPerdice
340 1389 372 1449 et
400 1385 444 1450 ad
470 1386 656 1466 poematica
686 1387 741 1465 ,De
763 1406 844 1449 zona
865 1386 938 1467 equi
962 1385 1126 1450 Arclradii’
1157 1385 1308 1448 aduolat:
1347 1381 1468 1447 Serena
1495 1401 1587 1446 saror
1623 1448 1627 1455 ,

116 1492 273 1574 ,adraim
293 1493 432 1558 Arcadii
453 1490 536 1573 Imp.
559 1492 718 1557 Orientis:
751 1495 779 1557 ei
806 1495 902 1556 rnittit
929 1514 1043 1560 cernunt
1066 1514 1143 1575 equo
1165 1494 1357 1575 aptandam,
1385 1490 1469 1573 qrcad
1489 1487 1588 1571 pauci

116 1594 345 1667 salmonae:
371 1621 446 1664 nam
476 1601 510 1664 in
532 1598 644 1664 Indice
672 1621 803 1682 opernm
827 1601 1007 1668 Claudiani
1035 1604 1080 1666 ita
1102 1602 1256 1684 scripturn
1280 1607 1349 1665 erat
1372 1597 1423 1663 De
1440 1595 1587 1679 phaleris

125 1707 201 1787 ..eqni
218 1708 375 1773 Honorii:
395 1726 496 1788 neque
516 1728 589 1772 aera
611 1709 699 1773 misit
716 1709 881 1790 phaleras.

246 1815 371 1894 Quibus
393 1835 433 1879 ex
454 1815 531 1879 loeis
553 1836 617 1879 non
642 1815 853 1881 concludatur
868 1837 996 1880 necesse
1012 1821 1059 1880 est
1075 1817 1108 1880 in
1122 1817 1152 1879 X
1170 1817 1238 1897 ipso
1254 1815 1436 1894 catalogum
1452 1832 1585 1895 operum

116 1892 280 1997 lextitisse3
302 1926 409 2005 potest
431 1922 515 1985 eninr
532 1922 697 1986 Cluverius
719 1923 751 1986 in
771 1923 821 1986 his
844 1924 990 1986 editionis
1013 1924 1146 1986 alieuius
1168 1923 1325 2004 respicere
1349 1920 1485 1983 indicem
1500 1919 1586 1982 velut

116 2002 371 2123 ¹[isengrinianaa
393 2028 448 2092 ubi
461 2049 548 2110 sane
568 2049 634 2092 non
656 2029 790 2094 Perdice
808 2030 864 2093 sed
880 2029 1019 2094 Pcrdicc
1041 2030 1165 2109 legitur,
1187 2030 1244 2093 sed
1268 2034 1374 2093 retem
1396 2029 1585 2108 congruunt.

116 2154 126 2213 ζ·
141 2146 229 2215 neque
247 2135 401 2200 uiurirum
423 2156 463 2200 ex
477 2137 509 2199 M
531 2137 612 2200 haec
634 2137 778 2218 sumpsit,
803 2138 922 2220 qnippe
944 2138 999 2201 nbi
1022 2142 1053 2200 et
1076 2137 1226 2200 carminis
1240 2138 1286 2200 De
1301 2136 1456 2200 Perdicca
1476 2133 1586 2198 titulus

141 2235 209 2304 desit
230 2246 261 2306 et
282 2242 413 2306 alterius
434 2243 587 2325 poematii
611 2243 774 2324 inscriptio
797 2245 920 2324 legatur
946 2245 1084 2308 decena
1106 2244 1179 2330 eqni
1200 2243 1289 2327 repit.
1330 2312 1333 2317 ⁴

178 2418 182 2427 ,
225 2351 419 2438 Praeterea
442 2352 552 2412 autem
574 2349 703 2414 infolio
725 2351 923 2432 paenultimo
945 2352 1093 2415 editionis
1108 2372 1184 2415 suae
1200 2393 1240 2401 -
1255 2350 1367 2413 ultimo
1384 2348 1587 2412 continentur

137 2447 268 2521 ‘Summa
285 2455 450 2536 privilegii
475 2459 506 2518 et
531 2456 643 2533 ,Series
660 2460 851 2539 ternporum’
874 2502 914 2509 —
937 2459 1115 2523 aClaverio
1133 2458 1317 2521 exhibetur:
1343 2456 1444 2520 Index
1458 2475 1586 2538 operam

138 2552 180 2642 Ol.
198 2559 373 2624 Claud-iani
394 2562 484 2625 inccta
506 2568 649 2644 receptas
672 2564 841 2640 editiones,
864 2567 1010 2650 actamnis
1031 2585 1192 2629 manuscr.
1216 2564 1391 2645 quaedam,
1416 2561 1585 2626 Calinaeas

134 2666 165 2722 el
182 2665 349 2732 Plautinas
376 2667 472 2732 aliter
492 2688 526 2734 se
546 2669 699 2749 labeant,
730 2672 843 2735 addita
866 2692 1026 2736 arraarara
1047 2672 1264 2754 desipaatione
1284 2678 1320 2734 at
1342 2672 1494 2754 cariusque
1510 2688 1584 2749 pae-

133 2773 221 2837 mate
242 2773 318 2838 ardo
339 2773 511 2839 historicas
524 2781 646 2859 pateat.
1431 2859 1436 2864 Π

173 2926 176 2931 -
244 2880 364 2945 Totum
392 2880 531 2945 iudicem
560 2904 657 2964 quem
688 2885 802 2947 deinde
831 2886 991 2950 subnectit
1012 2886 1176 2950 Cluverius
1205 2904 1366 2966 quemque
1395 2882 1447 2945 bic
1469 2881 1584 2943 iterare

128 2991 190 3048 lton
209 2986 314 3064 refert,
338 2986 385 3050 ita
406 2987 487 3051 sicut
510 2992 566 3065 est,
590 3010 669 3053 num
688 3011 726 3054 ex
741 2991 771 3053 X
786 2992 958 3073 sumpserit
972 2993 1083 3069 editor,
1106 2993 1200 3055 valde
1216 2992 1350 3055 dubium
1366 3009 1433 3052 esse
1447 2986 1582 3050 videtur.

129 3082 200 3155 dicit
228 3093 314 3156 enim
343 3094 436 3158 iacta
464 3103 606 3176 receptas
636 3097 806 3177 editiones,
836 3103 934 3179 atque
955 3100 1035 3162 ordo
1056 3101 1124 3181 ipse
1147 3099 1327 3162 carminum
1347 3115 1478 3179 prorsus
1498 3093 1583 3156 idem

127 3200 175 3259 est
199 3203 296 3281 atque
325 3200 358 3262 in
380 3220 418 3264 eo
442 3201 562 3279 indice,
593 3223 689 3284 quem
711 3205 810 3267 habet
832 3206 1032 3285 isengrinius.
1089 3205 1204 3286 quodsi
1227 3205 1313 3267 hunc
1337 3201 1473 3266 Claverii
1495 3203 1583 3262 cata-

126 3292 231 3384 logum
253 3327 328 3371 cum
348 3307 566 3388 lsengriniano
590 3316 741 3374 accurate
765 3313 1008 3388 contulerimus,
1032 3333 1097 3376 non
1120 3313 1178 3375 nisi
1201 3330 1380 3393 paucorum
1404 3305 1583 3371 eanniuum

127 3405 231 3476 titulos
261 3412 428 3478 dissentire
456 3416 650 3479 observabis.
705 3420 938 3482 consectarium
971 3425 1018 3483 est
1047 3419 1229 3483 Cluverium
1257 3415 1421 3497 lsengrinii
1452 3413 1582 3494 quidem

124 3519 305 3599 catalogum
327 3521 517 3602 expressisse
540 3527 572 3585 et
595 3523 741 3599 iterasse3
770 3526 825 3587 ubi
849 3530 956 3589 autem
980 3527 1108 3590 variant
1130 3525 1365 3606 inscriptiones,
1389 3541 1463 3585 eum
1483 3519 1582 3582 verba

124 3629 264 3689 nutasse
295 3646 333 3690 ex
361 3628 391 3690 X
420 3647 485 3691 non
514 3630 699 3694 incredibile
721 3636 804 3694 est·
832 3633 914 3695 tituli
937 3638 1061 3709 autem,
1092 3633 1124 3694 in
1146 3633 1262 3712 quibus
1284 3628 1493 3710 isengrinium
1516 3646 1581 3689 uon

123 3735 248 3795 Secutus
270 3737 327 3810 est,
350 3739 425 3797 sunt
445 3735 495 3798 hi:
519 3734 571 3799 De
586 3756 659 3801 serre
674 3740 746 3818 cipri
768 3739 968 3803 Veronensis.
1003 3740 1052 3803 De
1066 3735 1251 3819 rudperte).
1288 3737 1339 3802 De
1361 3755 1462 3819 apono
1482 3734 1579 3815 fonte.

121 3832 173 3900 De
198 3838 285 3902 Nile.
328 3839 379 3904 De
409 3841 565 3906 Locustis.
605 3843 655 3906 De
672 3844 820 3925 plecteris
842 3848 913 3926 epiri
935 3846 1103 3909 Archadii.
1150 3845 1199 3909 De
1221 3844 1349 3926 Byrrlto
1372 3848 1401 3908 ct
1424 3842 1580 3905 Castorea.

122 3940 303 4027 Descriptio
318 3952 436 4029 pertas
458 3948 660 4013 Sarouensis.
701 3949 752 4015 De
777 3951 938 4032 Palpeesta
961 3957 990 4016 et
1013 3951 1176 4015 Perdicca.

244 4051 472 4118 Concludimus
509 4056 604 4136 igitur
632 4057 712 4120 haee
744 4059 887 4122 carmina
921 4059 965 4121 ita
987 4058 1140 4139 inscripta
1161 4057 1255 4120 luisse
1277 4056 1309 4119 in
1331 4055 1377 4130 X,
1408 4058 1505 4133 atque
1526 4050 1580 4112 fir·

122 4160 229 4220 matur
249 4158 332 4223 haec
354 4161 537 4225 coniectura
559 4182 612 4239 eo,
640 4165 728 4244 quod
757 4164 789 4227 in
812 4165 1074 4228 adnotationibus
1095 4163 1259 4227 Cluverius
1286 4164 1421 4224 testatur
1442 4158 1580 4221 extitisse

121 4262 153 4327 in
174 4263 222 4327 X:
260 4262 313 4328 De
341 4267 439 4348 aponi
464 4266 594 4348 fonte).
645 4268 697 4331 De
719 4269 875 4333 Lacaslis.
919 4269 1102 4355 Descriptio
1133 4273 1248 4352 partas
1285 4264 1486 4329 Sarouensis.
1530 4261 1580 4324 De

117 4368 286 4458 Polpcestc
307 4375 336 4434 et
356 4370 521 4436 Perdicca.
573 4375 684 4455 ltaque
713 4375 810 4438 ctiam
839 4376 980 4457 reliquae
1010 4396 1093 4457 quae
1123 4373 1313 4438 dissentiunt
1342 4372 1384 4434 ab
1405 4368 1578 4449 lsengrinio

117 4475 344 4557 inscriptiones
366 4477 399 4539 in
419 4478 457 4540 X.
470 4478 609 4542 extitisse
632 4480 834 4545 videbuntur.

297 4586 408 4594 -———-

165 4692 169 4699 Ι
224 4620 250 4691 l)
268 4621 323 4674 Sua
342 4622 426 4675 verba
445 4623 524 4675 naua.
542 4625 682 4678 Cluverius
701 4628 758 4680 siae
775 4635 869 4681 statua
892 4629 995 4681 Martis
1014 4634 1040 4680 et
1062 4627 1180 4680 Veneris.

222 4705 251 4774 2)
271 4706 347 4771 Quod
371 4706 480 4778 scripsit
504 4709 531 4759 in
559 4710 648 4764 indice
669 4729 718 4765 suo
742 4713 883 4767 Claverius
902 4715 946 4768 De
963 4729 1055 4781 upana
1071 4714 1164 4781 fonte,
1189 4708 1257 4761 nihil
1284 4707 1335 4760 nisi
1361 4707 1455 4774 lapsus
1478 4701 1578 4756 calami

117 4791 233 4850 videtur
253 4806 311 4844 esse
329 4791 387 4845 sive
407 4791 493 4846 atavis
513 4810 589 4847 error
607 4796 777 4865 typothetae.
1413 4837 1429 4890 4
1472 4849 1479 4862 ,
