3472 5392
956 427 977 489 8

235 613 270 676 In
292 612 458 694 Olybrinm
484 616 516 674 et
546 611 588 675 ad
609 610 771 673 rarissima
800 609 861 683 illa,
893 607 933 670 de
962 605 1078 686 quibus
1108 605 1140 667 in
1168 603 1231 666 fine
1251 603 1325 679 dixi,
1353 601 1502 676 adnotat,
1530 605 1693 680 procerte

112 748 114 753 ·
235 720 423 782 habendum
451 722 498 781 cst
527 717 707 780 Cluverium
737 715 769 777 in
798 715 856 776 illis
883 712 1015 777 odendis
1044 731 1145 774 unum
1167 713 1293 772 tantum
1316 708 1461 772 codicem
1491 705 1693 782 adhibuisse

100 867 105 876 ·
234 827 377 908 sequitur
397 825 480 901 indo,
501 828 537 886 ut
554 822 698 887 camrina
719 822 772 885 illa
792 821 826 885 in
848 821 948 883 altero
970 818 1037 882 eius
1056 817 1203 881 codicum
1226 815 1392 892 defuerint,
1413 813 1448 876 id
1471 814 1569 895 quod
1585 815 1698 895 mirum

234 932 291 995 tibi
311 932 410 995 videri
433 951 498 994 non
517 933 621 1011 potest
637 927 860 1006 consideranti,
884 926 1046 1008 quomodo
1068 923 1237 989 Claudiani
1259 944 1357 1005 opera
1379 923 1467 987 tradi
1490 925 1634 988 soleant

815 1204 1104 1214 ——-—-·-—

870 1437 981 1519 Gaput
1001 1435 1047 1504 Π.

498 1618 538 1704 lle
564 1616 680 1703 taiadi
705 1618 739 1702 in
763 1616 931 1724 exemplari
957 1615 1155 1723 trilinguia
1179 1613 1419 1722 maginarius.

352 1799 414 1862 Sed
437 1802 473 1862 ut
497 1800 539 1862 ad
561 1799 784 1879 gravissimum
807 1803 906 1881 caput
920 1799 1148 1881 disquisitionis
1163 1802 1292 1862 nostrae
1307 1796 1485 1872 veniamus,
1510 1796 1583 1859 iam
1603 1816 1701 1861 accu·

228 1904 386 1967 ratissimo
408 1905 500 1968 nobis
521 1907 692 1970 tractanda
714 1909 788 1970 sunt
803 1906 926 1987 reliqua
942 1905 1276 1982 carminaGlaudiani,
1300 1922 1437 1985 quorum
1453 1903 1497 1965 ad
1516 1903 1691 1966 editionem

229 2011 293 2073 duo
314 2011 411 2074 ctiam
441 2012 566 2075 codices
587 2011 732 2077 Claverio
762 2014 805 2077 ad
833 2033 949 2077 manus
977 2013 1113 2077 fuerunt.
1155 2012 1215 2076 hos
1243 2011 1368 2074 codices
1395 2029 1470 2073 eum
1503 2029 1525 2072 a
1552 2009 1690 2086 Cuiacio,

228 2117 297 2180 viro
320 2117 372 2180 illo
395 2118 435 2181 de
456 2118 559 2199 poetis
579 2119 686 2183 latinis
708 2121 828 2201 optimc
855 2121 979 2197 merito,
1003 2118 1163 2200 accepisse
1192 2119 1257 2182 iam
1288 2116 1552 2181 commemoravi.
1599 2135 1690 2197 prae-

230 2226 319 2286 terea
341 2227 450 2287 autem
462 2225 626 2290 Claverius
647 2227 765 2291 multas
787 2227 938 2291 lectiones
959 2247 998 2290 ex
1013 2203 1284 2301 adnotationibus
1305 2243 1386 2305 quas
1407 2223 1689 2287 leceratCuiacius

228 2330 261 2392 in
283 2349 340 2393 ora
361 2330 508 2394 editionis
531 2331 753 2414 Gryphianae,
786 2353 819 2397 se
838 2333 981 2397 hausisse
1011 2332 1145 2411 fatetur,
1173 2333 1261 2414 quod
1290 2330 1453 2411 exemplar
1474 2330 1613 2410 periisse
1636 2331 1688 2393 do

229 2435 339 2499 lemus
383 2442 476 2517 grata
497 2443 606 2502 autem
627 2440 756 2503 fortuna
779 2442 939 2505 evenit-
955 2441 988 2504 id
1010 2441 1098 2521 quod
1120 2439 1230 2521 magni
1255 2444 1303 2502 est
1325 2438 1480 2502 momenti
1495 2473 1537 2480 -
1553 2441 1592 2501 ut
1616 2437 1689 2501 alibi

227 2542 347 2607 multae
383 2545 425 2608 ad
460 2544 674 2609 Claudianum
711 2547 934 2611 adnotationes
971 2567 991 2611 a
1026 2546 1146 2611 Cuiacii
1181 2567 1280 2610 manu
1316 2546 1453 2626 scriptae
1489 2544 1586 2608 nobis
1625 2549 1688 2608 tra·

227 2647 312 2711 ditae
335 2650 406 2713 sint.

261 2786 263 2790 >
348 2757 540 2821 Asservatur
562 2758 647 2821 enim
663 2758 696 2821 in
711 2759 905 2835 bibliotheca
917 2760 1115 2841 Gottingensi
1130 2762 1291 2842 signatum
1307 2759 1400 2824 Aact.
1414 2758 1516 2824 Oiass.
1527 2759 1687 2824 taceam

227 2862 390 2943 exemplar
421 2863 589 2927 Claudiani
618 2863 798 2930 Basileense
832 2885 910 2929 cura
938 2864 1102 2947 isengrinii
1134 2886 1220 2931 anuo
1257 2867 1338 2931 1534
1363 2866 1493 2928 editum.
1545 2865 1580 2928 id
1612 2867 1688 2930 olim

227 2968 331 3032 fuerat
348 2968 485 3046 Cuiacii3
516 2971 560 3033 sic
580 2971 665 3036 enim
689 2972 722 3034 in
744 2972 856 3036 indicis
876 2973 950 3037 folio
972 2973 1160 3054 inscriptum
1183 2973 1378 3036 invenimus:
1408 2972 1462 3035 Ec
1483 2970 1688 3040 Bibliotheca

224 3071 339 3137 Jacobi
360 3073 500 3157 deiecti,
532 3079 588 3158 qai
611 3080 739 3158 passim
767 3099 827 3143 saa
857 3100 956 3144 manu
988 3081 1132 3145 lectiones
1161 3080 1319 3161 quasdam
1345 3078 1526 3158 adscripsit.
1571 3084 1688 3161 postea

225 3179 351 3243 transiit
387 3181 420 3244 in
455 3183 592 3247 Fabricii
610 3204 756 3265 ,manus
794 3187 883 3250 cuius
919 3206 1038 3250 nomen
1069 3186 1125 3251 Ja.
1148 3187 1273 3252 Aibcrti
1301 3185 1447 3249 Fabricii
1482 3183 1607 3249 ibidem
1647 3187 1687 3251 ad

226 3284 373 3349 dextram
394 3288 609 3371 subscriptum
632 3295 695 3368 est,
725 3293 862 3375 denique
882 3292 1215 3376 possessoresjhabuit
1235 3295 1376 3376 primum
1397 3292 1686 3370 Weichmaunum,

224 3393 339 3457 deinde
362 3394 554 3473 Gesnerum3
585 3416 663 3462 narn
685 3400 728 3463 ad
750 3400 912 3464 sinistram
933 3401 1053 3465 ibidem
1074 3406 1242 3466 exaratum
1265 3402 1415 3482 legimus:
1443 3399 1526 3481 (J)o.
1549 3399 1687 3467 Matini.

225 3499 369 3582 Gesneri,
390 3503 471 3566 duaa
494 3504 539 3568 iil.
557 3503 786 3571 Weiciamaaai.
815 3527 853 3570 ex
864 3506 984 3571 Cuiacii
1007 3507 1157 3571 manibus
1180 3511 1289 3571 autem
1305 3508 1380 3571 olim
1396 3509 1536 3571 donante
1550 3507 1686 3574 Riverio

223 3608 266 3670 ad
289 3608 429 3672 Gudium
452 3610 635 3690 devenerat,
658 3633 736 3678 nam
757 3614 885 3678 infolio
907 3614 1020 3677 ultimo
1043 3616 1147 3678 extat:

538 3718 686 3784 DONUM
708 3721 866 3785 FMUNDI
887 3721 1043 3785 RlVFRII
1065 3721 1123 3786 [Cu
1145 3720 1369 3786 AURELlAN.

691 3826 791 3890 ADlll
810 3824 887 3891 EID.
910 3828 994 3892 MAI.
1014 3842 1061 3878 Ν
1080 3828 1212 3892 DGLXI.

223 3923 256 3986 id
279 3926 366 4006 quod
394 3947 494 3992 manu
517 3929 611 3994 Gudii
641 3937 809 3997 exaratum
836 3953 904 3997 esse
932 3934 1051 3998 ibidem
1080 3935 1148 4016 ipse
1169 3934 1328 3998 Gesnerus
1348 3933 1473 3996 monuit
1494 3930 1686 4000 adscribens

222 4050 337 4095 manas
362 4032 474 4098 Gadii.
490 4038 619 4114 prestat
638 4041 674 4101 ut
695 4057 715 4102 a
738 4038 841 4103 Gudio
863 4038 1045 4104 Fabricium
1066 4041 1183 4103 librum
1205 4039 1364 4120 accepisse
1387 4043 1574 4102 statuamus

349 4139 417 4203 Iam
440 4160 517 4204 vero
538 4141 571 4204 in
593 4161 650 4207 ora
671 4142 767 4208 huius
785 4146 975 4227 exemplaris
989 4147 1110 4210 multae
1125 4166 1227 4228 usque
1248 4146 1403 4210 adfinem
1418 4143 1567 4207 lectiones
1583 4140 1685 4210 docta

222 4262 323 4307 manu
344 4245 492 4326 adpictae
514 4249 672 4328 leguntur.
704 4250 778 4314 inde
800 4256 919 4329 autem,
942 4253 1030 4334 quod
1049 4253 1082 4316 in
1097 4253 1209 4317 indicis
1224 4254 1298 4316 folio
1313 4252 1394 4315 haec
1410 4245 1683 4328 deprehendimus

223 4348 263 4412 de
284 4349 431 4416 Cuiacio:
461 4357 517 4434 qai
537 4356 663 4435 passim
684 4376 745 4421 saa
768 4378 867 4422 mana
890 4358 1038 4424 lectiones
1060 4359 1227 4441 quasdam*
1242 4355 1418 4437 adscripsit
1444 4352 1540 4435 (quae
1569 4356 1680 4418 utrum

223 4455 345 4519 Gudius
368 4459 529 4540 scripserit
549 4481 592 4525 an
614 4461 695 4526 alius
716 4462 898 4545 incertum),
921 4467 954 4529 id
974 4486 1033 4546 pro
1054 4471 1141 4530 certo
1165 4464 1365 4530 concluditur
1384 4459 1575 4540 marginalia
1597 4458 1679 4521 haec

223 4565 280 4625 aut
301 4564 411 4628 omnia
425 4570 483 4630 aut
507 4572 592 4632 certe
606 4573 733 4650 partem
749 4591 860 4635 eorum
875 4573 1005 4636 Cluacio
1021 4574 1138 4637 deberi.
1182 4573 1244 4636 hoc
1260 4571 1314 4651 qui
1330 4567 1512 4633 observavit
1527 4563 1679 4627 Matthias

223 4666 380 4732 Gesnerus
403 4670 475 4733 libri
495 4692 668 4753 possessor,
693 4695 767 4739 cum
790 4697 875 4741 anno
894 4680 973 4743 1759
988 4679 1203 4744 Claudianum
1225 4679 1342 4757 ederet,
1365 4696 1430 4739 non
1451 4674 1554 4737 solum
1570 4669 1678 4732 omnia
