3472 5392
929 409 970 476 (52

220 589 352 656 definire
381 596 515 655 eonntns
544 612 625 657 sum.
673 597 742 656 tum
771 598 879 657 autem
908 592 985 673 qnid
1012 591 1054 654 nd
1082 590 1338 673 recuperandum
1367 592 1527 656 sincerum
1556 598 1682 658 textum

220 699 454 763 Clandinneum
485 701 535 763 iiie
562 701 705 777 valuerit,
736 700 917 776 diiudicari,
947 721 985 763 ee
1005 699 1137 780 quidem
1157 699 1337 777 deveniens
1366 705 1403 764 ut
1423 721 1554 764 emnem
1577 723 1683 784 paene

220 807 445 870 anctoritatem
460 807 488 870 ei
505 807 674 871 detrahere
690 808 850 870 deberem.
891 826 996 887 neque
1006 806 1129 888 primus
1151 806 1196 870 na
1206 806 1386 870 diiudicari.
1429 807 1581 873 Nicolaus
1596 810 1684 871 enim

219 913 384 989 tlensium
418 914 559 994 optimus
592 914 643 977 iile
677 913 845 977 Claudiani
879 913 1067 994 sospitator,
1104 914 1146 976 ad
1176 912 1321 977 Laudem
1351 915 1513 991 Herculis,
1555 936 1622 997 que
1653 915 1687 977 in

220 1021 362 1085 carmine
382 1020 546 1083 Cluverius
575 1022 694 1085 inuitas
722 1041 824 1084 nevas
851 1021 1002 1083 lectiones
1025 1040 1064 1083 ex
1092 1040 1151 1083 suo
1172 1021 1282 1083 eodiee
1311 1021 1407 1084 tacite
1428 1042 1462 1084 se
1493 1023 1688 1103 expressisse

219 1127 347 1203 fatetur,
369 1127 450 1190 haee
474 1128 658 1191 adnotavit:
682 1128 738 1193 sed
760 1149 851 1209 quem
871 1128 925 1193 irre
944 1126 1132 1208 (Cluverius)
1155 1134 1309 1191 vetustum
1331 1128 1465 1191 redirem
1487 1130 1520 1191 in
1544 1131 1690 1196 carmine

219 1233 275 1297 boe
308 1235 493 1314 eastieaudo
528 1235 679 1313 aduerat,
717 1234 899 1321 frequenter
928 1241 1047 1312 metue,
1086 1256 1124 1299 ne
1158 1234 1355 1300 Ouiaeienas
1392 1238 1594 1300 coniecturas
1628 1260 1690 1318 pro

221 1340 411 1404 membranis
432 1342 520 1407 nobis
542 1342 699 1407 obtrudat.
743 1342 851 1406 Simile
874 1341 1027 1405 indicium
1048 1341 1198 1405 Heinsius
1225 1342 1298 1405 tulit
1327 1343 1423 1406 etiam
1453 1344 1618 1407 adnotans
1647 1346 1690 1408 ad

220 1448 307 1511 Entr.
330 1448 454 1524 11254,
478 1449 544 1511 Stil.
568 1448 704 1526 111358,
728 1450 812 1512 Laus
833 1449 941 1511 Seren.
964 1449 1020 1525 25,
1046 1449 1143 1528 Rapt.
1167 1450 1221 1526 30,
1253 1448 1434 1513 Cluverium
1457 1450 1582 1513 Cniaeii
1613 1472 1691 1516 eon-

222 1554 375 1617 ieeturam
399 1575 458 1636 pro
481 1555 598 1619 eedieis
620 1557 778 1637 scriptura
805 1556 973 1637 protulisse
995 1574 1133 1635 arguens
1148 1554 1177 1636 ¹).

225 1693 318 1700 .—

327 1758 353 1822 1)
374 1756 407 1808 ci.
426 1755 578 1809 Burmanni
597 1754 679 1825 praef
704 1775 730 1825 p.
755 1754 812 1808 VH.

855 2627 1061 2713 Addenda:

221 2810 247 2861 p.
267 2791 283 2843 4
305 2789 351 2842 lin.
374 2793 385 2841 l
407 2787 568 2842 exciderunt
586 2791 649 2857 post
667 2805 731 2857 ‘non
752 2789 839 2857 potui'
860 2791 942 2845 haee:
966 2791 1041 2862 ‘lieet
1059 2788 1205 2860 speciosior
1230 2789 1266 2842 sit
1291 2786 1321 2840 in
1339 2786 1429 2841 altero
1448 2788 1546 2843 codiee
1564 2789 1693 2862 implexa

360 2879 389 2930 et
407 2875 544 2940 Frontem,
563 2892 617 2929 non
636 2875 764 2945 Impexos
783 2877 888 2931 crines'.

221 2999 247 3051 p.
267 2984 351 3050 9sqq.
372 2981 406 3033 de
426 2997 556 3034 mannum
579 2979 712 3035 varietate
732 2979 761 3032 in
780 2980 981 3050 marginalibus
1000 2979 1155 3034 Cniaeianis
1174 2977 1392 3033 observationem
1412 2975 1467 3029 iem
1487 2975 1692 3048 feeitJeepius

359 3066 430 3120 Mus.
451 3065 538 3120 Rhen.
558 3067 635 3119 XXX
652 3086 680 3136 -p.
702 3067 716 3118 7
735 3067 781 3130 (et.
801 3066 923 3120 eiusdem
942 3068 982 3120 ed.
1003 3067 1087 3136 Rapt.
1109 3061 1181 3120 Pres.
1201 3065 1286 3135 praef.
1304 3083 1328 3132 p.
1348 3062 1415 3117 XVI
1422 3061 1502 3130 sqq).

221 3189 248 3241 p.
267 3173 308 3225 59.
346 3189 407 3224 enm
425 3171 475 3225 iile
492 3170 587 3240 ⁶nobis'
605 3171 634 3223 in
652 3171 729 3224 Eutr.
749 3170 762 3224 I
783 3171 815 3224 23
835 3172 869 3225 et'.
895 3171 980 3225 etiam
1003 3170 1095 3224 Livius
1113 3170 1192 3224 XXII
1212 3170 1253 3233 60,
1274 3169 1319 3222 lb:
1345 3169 1430 3219 »haec
1448 3164 1551 3222 vobis
1570 3161 1689 3223 isiorum

368 3274 417 3327 per
436 3258 549 3312 biduum
570 3257 670 3311 militia
689 3257 770 3311 fuir«.
