3472 5392
172 661 248 723 dli:
271 649 429 731 Fornace]
454 651 499 715 ita
521 672 550 714 v.
572 651 660 716 liber.

173 767 253 830 252:
276 765 367 845 Legit
388 757 536 839 llannna]
559 761 604 823 sic
624 781 654 823 v.
674 760 763 825 liber.

170 874 247 937 264:
271 865 461 948 Contristat]
485 871 577 930 vetus
598 867 700 930 lectio.

170 981 247 1044 265:
270 974 433 1056 Sacraria]
458 976 491 1037 in
515 994 572 1037 ora
593 974 665 1037 libri
687 974 803 1038 veteris
825 976 1035 1052 ‘Penetraliat

349 1084 433 1164 Ergo
454 1082 488 1144 in
508 1085 598 1145 textu
620 1083 712 1146 vetus
733 1081 785 1146 ille
807 1083 887 1146 liber
907 1083 1058 1147 sacraria
1080 1084 1278 1148 ostendebat.

169 1193 229 1256 277
239 1213 246 1255 :
268 1188 422 1272 Superas]
445 1189 526 1253 haee
547 1191 639 1252 vetus
660 1189 762 1253 lectio.

96 1294 191 1363 irael.
214 1297 268 1361 lib'.
290 1297 317 1360 Π
339 1297 374 1359 7:
396 1294 509 1376 Eduri]
531 1295 576 1358 sie
598 1315 628 1358 v,
651 1295 739 1373 liber,
764 1294 844 1359 alias
867 1298 909 1373 ‘et
930 1295 1020 1360 duri'.

194 1406 248 1469 12:
270 1400 435 1483 Gramine]
458 1405 549 1465 vetus
570 1401 652 1465 haee
676 1405 724 1466 est
746 1401 849 1465 leetie.

193 1513 247 1576 18:
269 1509 427 1592 Adl'eetis]
450 1510 614 1589 eleganter
636 1528 675 1571 ex
697 1528 726 1571 ν.
750 1509 830 1585 eod,
853 1527 919 1572 non
941 1507 1130 1585 adstrictis&

193 1620 249 1684 37:
271 1616 387 1698 Salvis]
410 1617 455 1680 ita
477 1637 507 1679 v:
529 1615 638 1679 codex,

191 1726 248 1789 52:
269 1721 408 1804 Placito]
430 1722 510 1785 liber
532 1721 684 1802 antiquus
707 1721 752 1784 ita
778 1719 915 1783 exhibet.

140 1835 168 1897 ll
193 1833 247 1896 11:
271 1830 395 1895 Callida
417 1819 498 1909 voti]
522 1829 567 1892 sie
588 1848 617 1890 v.
640 1828 727 1891 liber.

192 1940 250 2003 24:
273 1935 373 2019 Gyre]
397 1937 441 1999 sie
462 1956 492 1999 v.
515 1936 603 2024 liber.

193 2041 665 2123 26:h1umbrat]siev.eed.
733 2125 736 2130 Ι

193 2154 250 2217 57;
272 2147 443 2230 Crimnise]
465 2148 510 2211 sie
532 2168 561 2212 r.
583 2148 671 2210 liber.

194 2259 251 2322 62:
273 2254 457 2336 Ademptis]
480 2258 571 2318 vetus
592 2255 694 2318 lectio.

194 2368 251 2430 88:
273 2361 489 2443 Madidantes]
511 2363 593 2425 haee
615 2366 662 2424 est
682 2364 774 2424 vetus
794 2360 897 2424 lectio.

192 2474 248 2536 97:
271 2468 421 2550 Volueer]
443 2474 584 2533 veterem
605 2469 691 2532 hane
712 2468 880 2531 lectionem
902 2468 1054 2530 reiectam
1076 2468 1205 2549 indigne
1227 2467 1293 2531 tuli.

175 2580 249 2643 135:
272 2575 408 2657 Retusa]
433 2577 477 2639 sie
499 2576 533 2639 in
556 2578 663 2639 vetere
685 2575 802 2638 codiee.

173 2686 250 2748 226:
272 2680 479 2763 Praetentus]
501 2682 599 2745 sicin
620 2703 650 2745 v.
671 2681 762 2745 libro.

165 2792 251 2858 229:
273 2783 441 2870 Fulminis]
463 2789 545 2853 haee
564 2793 612 2852 est
632 2793 723 2853 vetus
743 2789 845 2852 lectio.

173 2900 251 2962 230:
274 2895 449 2977 Generum]
472 2896 504 2959 id
525 2896 625 2958 malni
647 2915 686 2959 ex
708 2915 737 2958 v.
760 2895 878 2959 codiee.

172 3006 251 3070 aaa:
274 3002 430 3085 Cupidas]
452 3007 515 3067 vet.
536 3002 639 3066 lectio,

172 3113 250 3176 253:
271 3108 470 3191 Nihilumne]
493 3110 538 3172 sie
559 3129 588 3173 v.
615 3109 703 3173 liber.

172 3220 249 3282 295:
272 3218 353 3282 Salis
377 3215 534 3298 aequora]
559 3216 603 3279 sie
624 3217 724 3282 habet
744 3236 774 3280 r.
796 3216 905 3279 codex.

173 3325 250 3388 306:
272 3324 321 3386 Sit
339 3320 476 3403 facturn]
499 3321 544 3385 ita
565 3325 627 3385 vet.
649 3322 737 3384 liber.
852 3315 856 3324 ’

173 3431 250 3495 322:
271 3426 410 3509 Dolonis]
432 3428 478 3492 ita
499 3430 560 3490 vet.
583 3427 693 3505 codex,
716 3427 796 3490 forte
818 3446 877 3508 pre
901 3428 1059 3504 ‘Dolorest

175 3539 251 3601 363:
274 3532 406 3615 Omina]
428 3535 473 3598 sie
494 3555 524 3597 v.
547 3534 635 3598 liber.

132 3645 174 3708 ΙΙΙ
216 3645 252 3707 3;
274 3640 417 3722 inlapsa]
442 3643 487 3704 sie
509 3641 625 3705 in'vet.
650 3642 768 3705 codiee.

196 3752 252 3813 16:
273 3747 381 3829 Unde]
403 3748 448 3810 sie
468 3751 531 3811 vet.
553 3748 663 3811 codex.

194 3857 250 3919 29:
274 3853 429 3935 Oblimat]
453 3854 498 3916 sie
520 3853 640 3934 optime
661 3853 695 3916 in
716 3872 745 3915 v,
770 3852 887 3915 codiee.
968 3876 975 3903 i
1010 3912 1014 3918 .

177 3963 252 4026 lae:
273 3958 437 4040 Mirantia]
458 3963 550 4023 vetus
571 3959 664 4023 lectio
685 3978 751 4023 non
772 3958 919 4039 reproba.

176 4069 251 4132 177:
273 4067 409 4131 Pulvere
432 4064 528 4147 eane]
552 4066 596 4129 sie
618 4067 651 4129 in
672 4071 733 4130 vet.
756 4067 825 4130 cod.

178 4175 253 4237 195:
275 4174 328 4236 hie
349 4192 460 4236 versus
481 4171 595 4236 aberat
616 4193 637 4237 a
657 4176 764 4236 vetere
786 4173 903 4237 codiee.

174 4281 252 4343 233:
274 4277 384 4359 Albet]
408 4278 452 4341 sie
473 4281 534 4341 vet.
555 4278 656 4342 liber:

175 4386 253 4450 234:
276 4386 330 4449 Sol
351 4385 444 4450 altior
466 4383 603 4466 adstitit]
627 4385 672 4448 sie
694 4386 727 4449 in
749 4387 871 4467 optimo
893 4386 1077 4467 exemplari.

176 4493 236 4556 237
246 4513 253 4554 :
277 4490 408 4573 Aestus]
432 4491 464 4554 in
486 4495 548 4555 vet.
570 4490 652 4554 libro
677 4492 828 4569 ‘mortifer
850 4493 955 4556 estus'.

176 4598 255 4662 243:
277 4596 387 4678 Nulla]
411 4597 456 4660 sic
478 4597 511 4660 in
532 4617 562 4660 r.
584 4597 693 4660 codiee
715 4599 886 4679 eleganter.

175 4703 253 4766 948:
276 4701 450 4783 Seitaniur]
473 4703 518 4766 sic
538 4703 648 4784 optim.
671 4702 759 4766 liber.
