3472 5392
845 443 847 448 ’
865 477 887 538 o

96 698 100 711 .
145 651 212 715 sere
232 607 425 732 marginalia
446 672 530 733 quae
552 652 617 715 dixi
639 653 699 715 sub
721 657 812 716 textu
827 655 942 734 poetae
968 651 1079 717 addito
1094 651 1216 715 Cuiacii
1237 649 1367 714 nomine
1387 647 1603 728 imprimenda

147 759 272 823 curavit
302 759 358 822 sed
401 758 499 822 etiam
529 759 614 823 hanc
644 758 742 822 totius
773 759 819 822 rei
847 758 1086 822 enarrationem
1117 757 1206 821 dedit
1236 776 1309 838 pag.
1332 755 1512 836 XXleq.:
1543 751 1604 818 nst

107 888 110 893 ·
147 865 232 929 iuter
253 863 352 929 libros
372 884 456 930 meos
486 868 662 946 exemptum
681 865 779 929 buius
809 863 865 946 (sc.
887 863 1019 946 Isengr.)
1057 863 1208 928 editionis
1230 861 1375 927 benebcio
1396 861 1455 926 Ill.
1482 859 1602 925 Weicb-

144 972 257 1035 manni
281 970 458 1036 Oonsilarii
481 971 716 1053 Guelferbitoui
739 1020 746 1034 .
770 970 953 1035 ..Habuit
984 970 1068 1035 illud
1088 970 1140 1034 Jo.
1163 970 1238 1035 Alb.
1256 968 1449 1055 Fabricius:
1478 971 1508 1032 et
1528 971 1604 1031 aute

131 1075 227 1142 bunc
244 1075 467 1163 Marquardus
490 1077 635 1156 Gallus,
668 1079 724 1158 qui
741 1097 840 1142 manu
869 1097 930 1142 suo
960 1075 1067 1158 (saepe
1087 1076 1167 1141 mibi
1188 1077 1260 1142 uiso
1275 1094 1353 1140 cum
1380 1074 1604 1140 Vinariensem

96 1243 98 1249 ,
144 1182 361 1250 bibliothecam
394 1182 553 1266 curarem)
587 1185 768 1266 inscripsit:
797 1183 927 1249 Donum
946 1183 1089 1248 Emuudi
1117 1181 1242 1248 Iliaerii
1260 1181 1334 1248 IOti
1354 1179 1604 1247 Aurelianensis

143 1291 184 1354 A.
205 1290 248 1357 D.
268 1289 332 1354 ΙΙΙ
347 1290 413 1356 Eicl
435 1290 525 1356 Maii
543 1289 749 1370 MDOLXI,
783 1311 843 1372 quo
873 1311 957 1356 anno
985 1290 1090 1373 fuisse
1110 1290 1147 1355 in
1170 1288 1282 1355 Gallia
1306 1288 1449 1354 Gadium
1470 1289 1603 1366 constat,

126 1398 331 1487 nemetiam
360 1395 460 1462 edidit
482 1395 627 1461 Parisiis
648 1396 818 1478 Hippolyti
846 1396 886 1462 de
906 1396 1107 1462 Antichristo
1125 1395 1276 1462 libellum.
1314 1400 1485 1476 praeterea
1507 1394 1603 1459 etiam

140 1502 199 1568 boc
219 1505 351 1584 scripsit
371 1504 408 1568 in
427 1503 535 1584 prima
555 1504 677 1586 popina
698 1502 773 1568 libri
796 1503 944 1568 Gudius:
965 1502 1020 1567 Eu
1040 1502 1236 1569 Bibliotheca
1254 1501 1367 1567 Jacobi
1390 1500 1525 1581 Cuiacii,
1548 1501 1604 1581 qui

134 1611 267 1690 passim
296 1630 322 1674 e.
339 1631 369 1692 q.
385 1630 408 1674 s.
461 1609 514 1674 Ec
543 1610 689 1676 auctione
720 1609 878 1676 Gudiana
909 1610 1010 1692 ipitur
1038 1610 1181 1691 peruenit
1212 1630 1283 1701 cum
1313 1609 1423 1674 multis
1446 1607 1530 1696 pliis
1560 1607 1604 1672 cd

140 1715 342 1782 Fabricium.
1497 1723 1502 1737 ·

266 1822 388 1887 Parum
398 1812 509 1903 itaque
521 1828 589 1886 rem
599 1823 761 1904 perspexit
770 1820 808 1886 N.
819 1822 969 1886 Heinsius
990 1823 1148 1887 incertum
1160 1823 1364 1888 collectorem
1375 1822 1506 1887 Cuiacio
1528 1821 1603 1885 sub·

139 1929 294 2007 stituens,
327 1949 401 1993 cum
433 1930 525 1993 dere
547 1929 661 1993 eadem
690 1929 843 1994 scriberet
871 1930 1018 1994 editionis
1053 1930 1183 1994 alterius
1213 1931 1313 2012 praef.
1336 1931 1388 1994 fol.
1412 1931 1482 1993 lv:
1513 1927 1603 1992 Mar-

140 2027 290 2120 quard'us
311 2055 430 2120 quoqne
452 2034 582 2099 Gellius
599 2039 706 2099 noster
727 2035 827 2100 eidem
848 2034 1096 2117 Isenprc'nianoe
1125 2037 1259 2101 editioni
1281 2036 1425 2101 lectiones
1446 2036 1559 2099 uarias
1582 2055 1603 2098 a

140 2139 304 2206 collectore
334 2142 451 2206 incerto
479 2141 662 2222 adscriptas
691 2142 915 2216 communicat,
945 2142 1029 2222 quod
1056 2142 1217 2223 exemplar
1237 2141 1352 2207 Jacobi
1375 2141 1501 2206 Ouiacii
1528 2140 1604 2204 olim

139 2249 246 2330 fnisse
268 2248 441 2314 dicebatur.
483 2249 540 2313 secl
559 2254 706 2329 excerpta
727 2248 804 2314 boec
825 2254 854 2314 et
875 2250 980 2313 serius
997 2248 1112 2329 paullo
1133 2249 1177 2313 acl
1199 2270 1248 2314 me
1267 2252 1395 2329 perlata
1416 2252 1502 2324 sunt,
1534 2267 1604 2311 cum

133 2353 204 2419 'sub
225 2354 336 2436 praelo
358 2356 425 2419 iam
443 2354 581 2437 ferveret
594 2354 796 2421 Claud-ianus
816 2361 930 2433 noster,
953 2361 988 2419 ut
1008 2364 1156 2421 accurate
1177 2377 1214 2420 ea
1237 2355 1342 2421 excuti
1361 2355 1417 2419 uin
1430 2354 1603 2434 potuerint,

141 2467 173 2526 ct
196 2482 297 2542 supro
326 2461 455 2527 codices.
470 2461 624 2543 plebeios,
655 2469 691 2527 ut
721 2464 805 2544 quod
833 2483 884 2528 res
903 2468 947 2527 est
969 2464 1090 2542 dicam,
1119 2462 1201 2527 nibil
1230 2482 1344 2543 sapere
1366 2465 1424 2525 unt
1446 2466 1604 2524 ostentare

140 2567 353 2633 videbantur:
382 2588 452 2633 cum
481 2569 520 2633 de
547 2569 588 2632 iis
607 2569 786 2649 plurimum
806 2569 887 2634 mibi
901 2571 1141 2654 promisissem,
1167 2570 1267 2650 probe
1286 2568 1483 2648 recordatus,
1505 2587 1603 2648 quum

140 2675 304 2755 exquisita
319 2695 475 2756 quamque
487 2675 660 2756 praeclara
669 2675 783 2740 borum
792 2675 946 2763 pleraque
962 2681 1066 2742 esseut
1081 2676 1307 2753 existimanda,
1329 2695 1410 2761 quae
1430 2693 1468 2740 ec
1478 2673 1601 2738 schedis

141 2779 332 2845 Ouiaciauis
347 2781 520 2875 'Clanarius
541 2783 577 2846 in
599 2784 895 2849 animaduersiones
917 2804 995 2848 secas
1017 2781 1209 2848 contulisset.

268 2886 361 2951 Certe
397 2891 506 2953 tamen
542 2888 691 2952 Heinsius
729 2893 761 2953 et
797 2890 837 2953 de
867 2909 991 2953 conexu
1028 2889 1149 2971 aliquid
1184 2888 1298 2966 sensit,
1332 2887 1388 2969 qui
1424 2886 1506 2949 inter
1536 2885 1599 2949 ista

141 2997 295 3074 excerpta
313 2998 345 3057 et
364 2993 546 3058 Cluverium
567 2995 744 3072 intercedit,
768 2999 800 3059 et
822 2996 862 3059 de
881 2996 950 3078 ipso
972 2995 1075 3077 pretio
1097 2999 1322 3076 excerptorum
1344 2992 1497 3056 iudicium
1517 2991 1599 3055 tulit.

269 3100 427 3163 Gesnerus
442 3119 608 3164 varocum
623 3103 733 3166 omnia
749 3102 871 3166 Cuiacii
885 3102 1078 3183 marginalia
1093 3102 1153 3165 sub
1168 3104 1258 3165 textu
1269 3099 1437 3166 Claudiani
1459 3101 1602 3179 poneret,

141 3204 178 3267 in
210 3224 276 3268 nan
309 3207 355 3270 ita
385 3207 497 3288 paucis
534 3207 750 3271 describendis
784 3208 881 3290 plane
915 3209 1042 3272 erravit.
1092 3227 1194 3271 unum
1228 3209 1338 3296 autem
1368 3203 1601 3296 gravissimum,

142 3310 234 3393 quod
252 3311 392 3391 neglexit
413 3312 588 3389 GesneruS,
611 3313 674 3376 hoc
695 3317 758 3376 est:
788 3314 999 3395 nequeenim
1021 3333 1088 3378 una
1108 3333 1225 3377 manus
1246 3310 1437 3392 marginalia
1459 3310 1601 3387 dederat,

143 3417 204 3481 sed
225 3421 289 3480 tres
309 3437 426 3481 manus
454 3423 511 3483 aut
540 3421 680 3500 quatuor
709 3419 742 3482 in
770 3418 808 3482 iis
828 3419 972 3484 diversae
1001 3420 1093 3484 facile
1121 3419 1258 3483 discerni
1284 3421 1434 3499 possunt,
1464 3435 1602 3498 quarum

96 3599 100 3627 Ι
142 3543 211 3587 una
230 3524 477 3587 tantum·fuisse
497 3528 603 3605 potest
623 3524 753 3589 Cuiacii.

268 3630 339 3693 Hoc
359 3629 476 3694 Birtius
496 3632 545 3694 vir
566 3630 767 3695 doctissimus
789 3650 864 3695 curn
885 3631 1089 3695 intellexisset
1117 3649 1256 3712 cumque
1277 3629 1450 3693 lectionmn
1475 3628 1602 3691 illarum

142 3736 315 3800 nonnullas
337 3735 467 3800 vidisset
495 3737 613 3800 mirum
642 3737 675 3800 in
705 3737 840 3802 modurn
870 3757 944 3801 curn
971 3738 1009 3801 iis
1038 3737 1233 3814 consentire,
1264 3756 1349 3817 quae
1377 3734 1541 3801 Cluverius
1570 3734 1603 3797 in

143 3840 285 3905 editione
307 3861 346 3905 ex
369 3842 490 3906 Cuiacii
514 3843 626 3906 studiis
641 3843 846 3907 Claudianeis
867 3843 1055 3925 publicavit,
1087 3843 1231 3907 laborem
1252 3841 1363 3905 utilem
1385 3840 1440 3922 qui
1461 3840 1606 3903 restabat

144 3946 227 4010 mihi
250 3948 475 4029 exequendum
497 3948 674 4012 mandavit.

173 4097 185 4109 .
269 4052 386 4117 Manus
407 4074 491 4135 quae
512 4055 544 4118 in
566 4054 798 4136 marginalibus
818 4053 878 4117 illis
901 4053 1037 4118 discerni
1066 4057 1200 4135 possunt
1218 4057 1283 4116 tres
1304 4072 1372 4116 esse
1392 4052 1443 4115 vel
1464 4056 1603 4133 quatuor

143 4176 243 4237 supra
265 4158 339 4221 dixi.

268 4264 406 4329 Prima
450 4284 567 4329 manus
603 4266 703 4329 ductu
738 4265 839 4330 utitur
875 4266 952 4330 satis
985 4267 1114 4348 pingui,
1158 4271 1340 4332 atramento
1376 4267 1461 4330 ssavo
1498 4285 1602 4346 paene

145 4369 326 4449 diffluente,
357 4372 528 4453 complevit
557 4376 666 4435 autem
694 4392 785 4437 oram
816 4373 1010 4454 paginarum
1034 4375 1154 4439 1-1n7
1183 4373 1374 4454 exemplaris
1394 4367 1602 4453 Isengriniani

144 4475 345 4541 variantibus
363 4478 551 4541 lectionibus
572 4478 786 4556 ClaudianeiS,
808 4483 921 4560 postea
942 4479 1021 4542 nihil
1042 4481 1107 4561 egit
1127 4481 1187 4544 nisi
1208 4500 1319 4543 versus
1339 4479 1509 4542 nonnullos
1527 4478 1602 4540 sub-

145 4582 250 4645 ductis
268 4583 360 4647 lineis
380 4588 510 4661 natare3
532 4588 701 4665 praeterea
722 4585 771 4649 bis
788 4586 821 4648 in
836 4585 902 4649 ima
916 4585 1037 4666 pagina
1054 4587 1143 4650 lli-bv.
1164 4591 1196 4650 et
1219 4587 1308 4650 llbv.
1331 4586 1409 4649 talia
1424 4585 1601 4666 adscripsit

145 4706 229 4769 quae
250 4707 431 4754 memorare
452 4709 518 4754 non
537 4691 642 4754 refert.
