3472 5392
786 440 806 501 7

192 619 263 697 Quo
296 618 329 681 in
364 621 513 699 poemate
548 637 614 680 non
647 616 707 679 nisi
737 616 799 679 hoc
826 616 897 680 loco
925 617 1089 681 Claverius
1117 618 1182 680 duo
1210 617 1335 680 codices
1364 617 1522 680 indicasse

64 727 131 789 dici
153 727 268 808 possit:
954 715 957 720 '

147 833 225 898 201:
247 829 327 912 Ceu]
357 829 390 893 hi
418 832 557 911 quatuor
584 849 695 893 versus
723 830 858 894 aberant
880 851 900 894 a
924 831 1066 912 quodam
1086 831 1306 912 manuscripto
1328 832 1425 912 idque
1447 835 1522 894 ante

286 958 338 1001 me
359 935 484 1000 notavit
505 935 571 998 Del.
593 936 649 998 scd
671 936 703 998 in
725 936 787 1000 alio
810 937 855 999 sic
876 957 909 999 se
931 937 1039 1000 hahet.

59 1049 173 1112 Unum
195 1048 322 1110 tantum
345 1042 488 1107 codicem
510 1046 742 1106 commemorat
763 1042 814 1106 his
835 1043 867 1105 in
889 1042 981 1106 locis:

188 1157 230 1218 81-
247 1152 355 1216 Genus
375 1147 540 1230 Anicium]
630 1149 712 1213 infra
732 1150 830 1213 etiam
849 1153 940 1212 vetus
960 1151 1040 1213 liber
1061 1149 1176 1212 hahuit
1197 1148 1326 1211 Aniciis.

186 1263 222 1327 9:
245 1254 430 1337 Anniadae]
452 1255 486 1318 in
506 1259 569 1318 vet.
593 1255 662 1318 cod.
684 1255 729 1319 ita
749 1255 903 1337 scriptum
927 1259 982 1319 est.

165 1368 223 1430 45:
246 1362 366 1444 Denso]
389 1363 434 1426 sic
456 1363 490 1425 in
510 1364 617 1425 vetere
640 1362 749 1425 codice
771 1363 942 1442 eleganter.

165 1474 223 1539 49:
246 1472 298 1536 Sic
319 1468 405 1551 quis]
428 1472 520 1532 vetus
540 1468 622 1531 haec
644 1471 692 1531 est
714 1469 816 1532 lectio.

164 1582 221 1643 50:
243 1575 388 1657 Miretur]
412 1575 457 1638 sic
480 1575 513 1638 in
535 1575 657 1656 optimo
679 1575 797 1638 codice.

147 1686 221 1750 187:
245 1681 397 1763 Centum]
420 1682 465 1746 ita
483 1684 575 1744 vetus
597 1680 684 1743 liber.

19 1818 24 1823 ·
145 1793 222 1856 213:
244 1784 381 1869 Deserit]
404 1789 448 1851 sic
472 1788 572 1851 hahet
592 1790 653 1850 vet.
674 1787 762 1850 liber.

185 1923 242 1984 Vel
264 1921 361 1997 haec,
392 1939 476 2001 quae
499 1919 542 1982 ad
562 1919 625 1981 hoc
644 1937 775 1980 carmen
795 1917 958 1981 Cluverius
979 1919 1019 1981 de
1040 1919 1202 1983 codicibus
1222 1922 1373 1998 adnotat,
1395 1922 1420 1983 si
1442 1942 1518 1985 con-

55 2030 176 2107 sidero,
206 2046 271 2091 non
292 2027 396 2089 solum
417 2044 483 2088 non
505 2024 607 2101 video,
631 2023 794 2104 quomodo
815 2023 883 2086 illos
906 2024 1086 2087 discernam
1107 2018 1190 2089 inter
1211 2047 1253 2103 sc,
1279 2028 1397 2091 sedne
1419 2048 1518 2109 appe-

55 2155 131 2200 rere
162 2134 293 2216 quidem
321 2135 400 2213 puto
438 2131 518 2194 duos
541 2130 584 2192 illi
606 2129 639 2193 iu
668 2130 819 2193 manibus
840 2130 944 2194 fuisse.
994 2151 1071 2194 narn
1093 2134 1181 2212 quod
1205 2133 1296 2198 dicit:
1326 2134 1360 2197 bi
1380 2140 1519 2214 quotuor

55 2259 173 2306 versus
194 2239 326 2303 oberant
349 2259 368 2301 a
393 2236 530 2322 quodum
550 2237 784 2319 uerrucarum,
814 2236 899 2301 hanc
927 2241 1039 2301 notam
1069 2258 1108 2301 ex
1134 2239 1272 2302 editione
1293 2240 1443 2305 Delriana
1466 2240 1516 2322 (cl.

54 2348 142 2412 Delr.
164 2367 195 2428 p.
218 2346 279 2409 272
301 2349 333 2408 et
355 2347 460 2423 ‘notae
482 2343 525 2407 ad
545 2342 768 2407 Claudianum’
790 2363 822 2425 p.
843 2342 893 2424 14)
917 2344 1081 2408 Cluverius
1102 2346 1162 2409 sibi
1185 2347 1366 2427 assumpsit..

170 2465 250 2533 ¹laur
271 2463 447 2537 videamus,
471 2479 555 2543 quae
577 2459 712 2524 adnotat
733 2461 835 2525 editor
855 2461 898 2525 ad
919 2462 1064 2525 carmina
1086 2462 1139 2526 illa
1160 2462 1332 2539 rarissima,
1355 2482 1439 2543 quae
1461 2467 1518 2525 aut

55 2574 91 2636 in
112 2571 200 2634 nullo
222 2570 331 2634 codice
351 2571 478 2635 servata
499 2570 574 2630 suut
588 2572 646 2630 aut
665 2567 721 2630 uhi
736 2570 847 2630 extant
861 2568 903 2631 ad
914 2567 1082 2631 Claudiani
1098 2569 1241 2632 carmina
1257 2568 1348 2650 quasi
1364 2569 1517 2649 adspersa

53 2681 215 2763 leguntur.

236 2775 321 2838 Laus
330 2770 490 2853 Herculis]
505 2773 568 2837 hoc
580 2773 766 2854 poemation
780 2777 871 2837 evet.
882 2794 1042 2839 manuscr.
1056 2776 1165 2839 multis
1176 2777 1252 2840 locis
1263 2777 1513 2840 emendavimus

54 2885 141 2964 Ergo
163 2902 247 2963 quae
268 2900 354 2944 nova
373 2880 540 2961 proposuit
560 2879 593 2942 in
616 2867 712 2943 textu
725 2879 904 2958 Claverius‚
934 2881 967 2944 in
988 2887 1095 2946 vetere
1118 2883 1256 2947 extitisse
1279 2883 1430 2946 confidas,
1481 2884 1514 2946 in

54 2988 319 3054 adnotationibus
340 2988 402 3051 hoc
423 2990 551 3051 tantum
574 2986 707 3051 additit:
1010 2982 1015 2990 '

161 3095 217 3158 91:
240 3092 415 3175 Animasti]
439 3093 493 3157 alii
515 3093 641 3156 codices
664 3097 854 3172 ‘anaantem
875 3095 1028 3158 vulnera’.

53 3200 126 3265 Hoc
148 3204 256 3264 autern
275 3200 346 3264 loco
368 3204 503 3263 nonest
525 3200 748 3277 dubitandum,
774 3201 852 3282 quin
872 3201 1035 3266 Claverius
1057 3222 1131 3265 cum
1152 3202 1271 3265 diceret
1294 3202 1356 3280 ‘alii
1378 3202 1511 3265 codices'

53 3306 134 3371 nihil
156 3306 216 3369 nisi
234 3309 349 3388 poetae
371 3306 525 3369 editiones
546 3306 579 3368 in
600 3310 708 3371 mente
730 3307 900 3371 habuerit..

177 3430 230 3493 Ad
252 3449 382 3493 carmen
403 3430 439 3492 ln
459 3428 587 3493 Sirenas
609 3429 744 3493 adnotat
764 3429 943 3494 Claverius:

238 3553 344 3635 Siren]
367 3554 412 3617 ita
433 3557 525 3618 vetus
545 3553 634 3616 liber.
658 3553 737 3617 alias
758 3553 898 3617 Sirenae.

179 3662 215 3723 6:
236 3658 405 3741 Furentes]
426 3660 523 3723 sicin
544 3664 606 3723 vet.
629 3659 746 3737 codice,
769 3659 822 3723 alii
844 3660 1007 3738 terentes.

54 3775 108 3838 Ad
130 3795 260 3853 carmen
281 3776 366 3839 Laus
387 3776 505 3840 Christi
525 3777 605 3839 nihil
625 3776 686 3839 nisi
707 3777 769 3840 hoc
791 3777 897 3840 addit:

155 3881 211 3945 29:
234 3881 319 3959 Quid
340 3881 416 3963 nisi]
439 3882 520 3945 haec
541 3886 589 3945 est
608 3883 743 3964 antiqua
764 3883 866 3946 lectio.

53 3986 90 4048 ln
112 3987 254 4050 carmine
273 3987 430 4052 Miracula
451 3988 568 4052 Christi
590 3988 720 4052 omnino
741 3989 821 4052 nihil
843 3990 882 4052 de
904 3990 1066 4054 codicibus
1088 3990 1252 4054 Claverius
1274 3989 1359 4052 dicit.
1429 3997 1432 4001 “

178 4133 413 4211 Quaerentibus
427 4135 522 4214 igitur
531 4136 632 4212 nobis
656 4137 772 4218 quihus
783 4137 945 4200 codicibus
957 4137 1120 4201 Claverius
1135 4137 1167 4199 in
1183 4136 1314 4199 edendis
1330 4136 1367 4198 iis
1378 4154 1510 4216 poema-

53 4238 148 4317 tibus
170 4259 255 4321 quae
277 4240 384 4304 adhuc
406 4241 625 4319 tractavimus
649 4262 725 4307 usus
744 4243 793 4321 sit,
815 4242 877 4306 hoc
897 4243 1032 4306 dubium
1054 4262 1122 4306 esse
1136 4262 1202 4305 non
1216 4245 1330 4323 potest,
1353 4242 1432 4322 quin
1446 4260 1511 4304 non

52 4343 125 4426 plus
151 4345 215 4409 duo
246 4347 275 4409 ei
302 4351 431 4428 praesto
460 4348 593 4426 fuerint,
623 4349 705 4412 sicut
733 4349 766 4412 in
794 4349 993 4430 praefatione
1014 4350 1081 4430 ipse
1103 4351 1246 4412 testatur.
1296 4348 1380 4410 male
1402 4351 1511 4410 autem

34 4442 185 4528 ¹accidit,
216 4456 252 4516 ut
277 4453 337 4516 sibi
364 4473 431 4518 non
452 4455 628 4543 constiterit
643 4454 688 4545 'in
713 4455 929 4535 significandis
951 4454 1122 4531 codicibus,
1143 4454 1406 4536 quandoquidem
1427 4453 1512 4516 notis

52 4561 142 4619 vetus
165 4557 276 4635 codex,
299 4558 387 4636 liber,
410 4562 653 4643 manuscriptas,
675 4563 855 4644 scriptura,
877 4562 974 4638 lectio,
996 4561 1225 4624 vetustissimus
1247 4560 1351 4635 codex,
1373 4559 1511 4641 optimus

53 4660 150 4725 codar
177 4664 357 4744 promiscue
384 4667 430 4730 uti
457 4667 592 4731 videtur.
646 4686 685 4731 ex
713 4667 750 4731 iis
778 4670 904 4745 autem,
932 4685 1016 4750 quae
1045 4666 1086 4733 de
1115 4666 1278 4731 codicibus
1307 4667 1350 4731 ad
1379 4683 1510 4731 carmen
