3480 5356
811 448 852 511 37

26 600 35 609 „
96 618 206 683 dimus
227 620 364 682 alterum
387 619 533 684 codicum
552 624 668 703 quibus
683 624 846 688 Cluverius
867 625 900 687 in
916 623 1041 686 edendo
1056 624 1235 689 Claudiano
1258 645 1334 688 usus
1356 628 1404 686 est
1421 626 1559 689 eundern

94 743 167 790 esse
187 729 286 807 atque
308 725 400 789 illum
421 747 441 790 a
461 727 591 792 Cuiacio
616 729 648 792 in
669 731 843 811 exemplari
865 730 1029 811 isengrinii
1051 731 1250 794 adhibitum:

221 856 340 920 Alter
363 856 494 937 igitur
517 858 706 922 codicum
724 859 911 924 Cluverii
932 859 1393 924 nosterAmbrosianus
1415 859 1447 923 M
1468 859 1557 922 fuit.

221 987 313 1065 Quae
334 988 494 1050 conclusio
516 1008 615 1069 quam
633 1008 711 1055 vera
732 991 772 1053 sit
793 990 871 1054 illud
895 991 1058 1071 egregium
1078 991 1297 1054 testimonium
1313 994 1369 1068 est,
1393 990 1480 1071 quod
1499 1010 1557 1055 eae

20 1136 23 1141 -
92 1112 226 1175 quoque
247 1095 399 1158 lectiones
422 1114 542 1172 omneS,
566 1116 646 1176 quas
661 1117 692 1177 p.
711 1098 832 1160 14-19
853 1117 893 1160 ex
914 1097 983 1178 ipso
999 1097 1144 1161 Cluverio
1167 1097 1319 1176 congessi,
1343 1097 1376 1159 in
1390 1097 1423 1160 M
1444 1116 1556 1160 revera

90 1203 209 1264 extant
231 1199 282 1282 (ef.
304 1220 335 1283 p.
361 1199 421 1281 19),
450 1220 556 1282 neque
577 1203 671 1266 video
690 1223 754 1283 quo
778 1204 875 1267 modo
895 1205 1067 1284 quisquam
1095 1223 1163 1266 sese
1185 1203 1213 1266 oi
1235 1203 1425 1266 subtrahere
1446 1204 1555 1284 possit.

89 1303 212 1391 iterum
232 1311 342 1371 autom
365 1327 438 1371 earn
459 1328 622 1389 propono:
646 1309 767 1386 Cuiucii
788 1310 981 1391 marginalia
1002 1310 1121 1373 mirum
1142 1310 1175 1372 in
1195 1310 1330 1372 modum
1353 1329 1428 1372 cum
1446 1309 1555 1373 lectio-

87 1409 190 1483 nibus
211 1432 231 1476 a
252 1413 398 1477 Cluverio
427 1414 560 1494 prolatis
581 1419 777 1495 congruunt;
809 1417 924 1479 eudem
947 1436 986 1479 ex
1007 1417 1116 1479 codice
1136 1417 1169 1479 M
1190 1402 1341 1497 excerpta
1364 1435 1432 1478 esse
1452 1435 1554 1496 uppu-

10 1606 13 1611 .
88 1517 173 1593 ruit3
197 1519 288 1600 atqui
311 1519 437 1583 duobus
461 1523 588 1584 tanturn
610 1521 791 1585 Cuiaciunis
812 1523 1039 1604 manuscriptis
1061 1523 1243 1586 Cluverium
1269 1542 1363 1585 usum
1385 1542 1453 1586 esse
1476 1541 1552 1585 con·

88 1624 175 1688 stat:
206 1645 281 1707 ergo
303 1627 404 1689 codex
425 1627 458 1691 M
480 1626 560 1690 ulter
584 1627 731 1690 codicum
753 1628 890 1693 Cluverii
909 1649 976 1693 non
995 1630 1091 1693 luisse
1108 1630 1228 1710 nequit.

59 1726 69 1731 “
219 1732 282 1795 Sed
311 1732 348 1795 iis
376 1752 459 1813 quae
489 1734 711 1797 contendimus
739 1755 805 1799 una
834 1755 884 1798 ros
912 1740 1087 1817 repugnat,
1120 1756 1204 1817 quae
1233 1736 1338 1816 primo
1365 1735 1480 1798 obtutu
1509 1735 1552 1798 ad

87 1840 237 1901 nostram
260 1839 452 1902 sententiam
474 1839 735 1904 labefactandum
757 1841 879 1922 aliquid
899 1842 1006 1906 valere
1029 1842 1130 1905 videri
1148 1842 1257 1923 possit.
1299 1861 1377 1922 num
1399 1840 1432 1903 in
1447 1841 1551 1904 Pane·

92 1943 204 2018 gyrico
220 1944 259 2009 de
280 1948 396 2026 quarto
417 1946 585 2009 consulatu
605 1946 740 2010 Honorii
759 1947 923 2011 Cluverius
945 1948 988 2012 ad
1008 1968 1137 2011 versum
1160 1951 1199 2012 33
1220 1949 1302 2011 haec
1324 1948 1475 2012 adnotat:

13 2144 16 2149 Ι
77 2055 200 2148 lerna]
216 2069 347 2132 Duobus
368 2064 631 2132 manuscrhuoc
652 2069 780 2133 fulcitur
807 2071 915 2148 lectio,
951 2091 1056 2152 neque
1085 2072 1199 2152 opinor
1228 2071 1319 2134 aliter
1347 2071 1472 2151 scripsit
1498 2070 1552 2133 hic

10 2162 13 2173 ’
216 2177 321 2256 poeta,
345 2175 493 2255 quamvis
515 2175 557 2238 ad
578 2176 750 2238 hibernum
772 2196 890 2254 aerem,
914 2177 968 2257 qui
988 2177 1130 2257 glacialis
1153 2181 1210 2240 aut
1230 2177 1373 2257 frigidus
1404 2176 1551 2240 videatur

215 2280 364 2358 alludere,
380 2281 468 2362 quod
484 2301 523 2344 ea
537 2284 645 2344 mente
659 2302 724 2345 non
741 2283 861 2345 extulit.
891 2283 1045 2346 Hibernia
1068 2284 1199 2364 quidem
1215 2283 1302 2364 apud
1317 2282 1407 2346 Caes.
1424 2283 1548 2362 legitur,

216 2386 274 2449 sed
302 2387 460 2450 Iuvenalis
493 2387 587 2451 dixit:
625 2388 746 2453 Littoru
776 2389 947 2467 quernae,
984 2390 1071 2470 quod
1105 2390 1254 2471 proprius
1289 2389 1429 2453 accedit:
1464 2389 1551 2452 unde

215 2492 399 2556 Ptolemaeo
420 2497 577 2573 Ιουερνία.
615 2495 655 2557 ut
676 2514 752 2558 vero
773 2495 937 2576 Stephano
966 2500 997 2559 et
1018 2496 1168 2560 Straboni
1190 2496 1283 2577 Ιὲρνη
1307 2494 1438 2572 dicitur,
1470 2515 1550 2575 quos

214 2599 369 2680 Apuleius
387 2599 468 2664 libro
493 2601 533 2664 de
552 2601 672 2687 Mundo
692 2606 819 2665 secutus
842 2607 898 2666 est.

213 2729 300 2793 Duos
322 2730 419 2810 igitur
449 2732 686 2812 manuscriptos
707 2732 802 2796 Ierae
831 2733 952 2796 habere
974 2732 1138 2797 Cluverius
1166 2731 1250 2794 dicit.
1298 2731 1354 2794 sed
1383 2731 1416 2794 in
1440 2732 1549 2795 codice

71 2804 108 2876 M
127 2820 280 2910 hyberna
307 2837 431 2916 legitur.
477 2838 585 2918 itaque
615 2842 671 2901 aut
699 2839 782 2901 mira
805 2839 949 2919 quadam
978 2839 1101 2901 incuriu
1123 2838 1286 2902 Cluverius
1311 2858 1388 2901 usus
1416 2841 1464 2901 est
1493 2842 1551 2901 aut

66 2925 234 3004 C⁰dicem
262 2943 294 3006 M
321 2944 452 3008 omnino
482 2964 549 3008 non
578 2945 763 3025 cognovisse
790 2945 931 3009 videtur!
984 2949 1018 3008 at
1047 2948 1131 3008 certe
1157 2945 1237 3007 alter
1267 2945 1368 3007 codex
1396 2944 1448 3008 illo
1478 2944 1548 3007 loco

58 3016 186 3112 Ias-„e
203 3049 340 3114 habuit?
376 3051 490 3115 falsam
511 3053 606 3116 credo
628 3053 714 3117 hunc
729 3054 920 3117 sententiam
936 3072 1073 3134 eamque
1087 3052 1239 3133 repellero
1255 3052 1405 3115 conabor.
1444 3071 1548 3132 nequo

55 3135 179 3217 enlm·
196 3156 280 3219 ullus
301 3160 349 3220 est
371 3157 540 3222 Claudiani
563 3159 672 3237 codex,
694 3161 759 3223 ulla
778 3160 912 3241 antiqua
928 3160 1033 3236 editio,
1056 3160 1089 3220 in
1109 3178 1174 3239 qua
1189 3158 1313 3237 legatur
1330 3157 1433 3221 [erae.
1471 3159 1549 3238 quia

53 3235 188 3323 etlam
210 3281 230 3326 a
253 3281 399 3326 sermone
420 3264 519 3327 lutino
540 3264 625 3328 hanc
645 3266 814 3329 lectionem
834 3286 966 3347 prorsus
988 3264 1161 3328 abhorrere
1184 3264 1344 3339 existim03
1368 3284 1446 3327 num
1460 3264 1549 3345 apud

53 3332 313 3432 RoInanorum
342 3369 511 3451 scriptores
536 3391 595 3452 pro
624 3371 784 3436 Hibernia
810 3392 979 3454 nunquam
1007 3371 1186 3434 invenimus
1214 3369 1308 3434 ierac
1320 3368 1342 3450 ¹)
1380 3368 1432 3450 (ne
1458 3371 1547 3451 apud

55 3440 261 3545 Apuleium
283 3475 423 3556 quidem,
444 3480 481 3540 ut
502 3478 638 3567 adnotat
658 3479 830 3556 Cluverius,
853 3480 898 3543 ita
919 3479 1051 3559 legitur3
1075 3478 1113 3540 cf.
1135 3476 1357 3540 Hildebrandii
1375 3477 1548 3557 Apuleium

60 3547 112 3620 de
142 3572 271 3644 Mundo
293 3600 319 3644 c.
332 3580 373 3662 7),
397 3602 481 3664 quae
504 3583 700 3648 Graecorum
720 3586 852 3666 propria
874 3589 922 3648 ost
942 3583 1051 3659 lectio,
1081 3588 1117 3647 ut
1137 3585 1204 3664 ipse
1226 3583 1389 3646 Cluverius
1419 3602 1458 3645 ex
1478 3583 1548 3645 Ste-

62 3660 199 3750 phano
219 3691 252 3750 'et
273 3686 432 3751 Strabone
463 3691 626 3771 comperit.
667 3711 766 3772 quare
795 3712 854 3773 pro
884 3696 970 3755 certo
1000 3691 1105 3753 habeo
1135 3690 1184 3752 his
1214 3689 1336 3769 graecis
1364 3688 1548 3752 auctoribus

68 3782 166 3888 θῑιῑῐη
187 3793 275 3857 illam
301 3794 471 3858 lectionem
501 3796 648 3861 debuisse
680 3777 807 3862 etcum
831 3799 951 3862 diceret
980 3797 1102 3862 duobus
1128 3796 1356 3878 manuscriptis
1385 3795 1461 3859 baec
1480 3794 1548 3876 ful-

68 3887 174 3958 αἶαν
195 3898 284 3964 lectio
306 3920 372 3964 non
389 3902 557 3966 Claudiani
581 3904 706 3968 codices
727 3905 784 3968 sed
807 3905 962 3986 Stephani
985 3906 1066 3968 forte
1087 3908 1119 3967 ot
1140 3903 1307 3966 Strabonis
1327 3902 1548 3982 manuscripta

72 3991 133 4058 Vel
165 4006 319 4071 editiones
341 4009 496 4090 cogitasse
518 4012 568 4074 vel
590 4011 671 4075 adeo
694 4011 944 4076 audacissimum
962 4011 1024 4075 hoc
1046 4029 1114 4074 esse
1134 4010 1349 4073 menducium.

72 4090 380 4133 μ

207 4173 232 4239 1)
251 4170 367 4241 Legitur
383 4173 559 4229 Hibernia
578 4175 652 4243 apud
671 4173 799 4227 Tacitum
819 4174 911 4243 Agris.
932 4175 967 4227 24
984 4177 1013 4228 et
1032 4175 1103 4229 Anu.
1123 4175 1175 4228 ΧΠ
1194 4178 1235 4229 32.

579 4260 653 4331 apud
671 4259 815 4314 Caesarem
833 4260 899 4312 Rell.
919 4260 989 4313 Gall.
1011 4260 1036 4313 V
1056 4261 1096 4324 13,
1116 4260 1140 4313 2.

576 4347 651 4416 apud
668 4345 818 4414 Apuleium
835 4347 869 4400 de
889 4347 991 4400 Mundo
1010 4364 1033 4400 a.
1054 4348 1078 4400 7.

575 4432 649 4499 apud
669 4431 793 4485 Orosium
813 4431 826 4484 I
845 4447 867 4485 c,
885 4432 909 4499 2,
928 4434 943 4500 ξ
963 4433 995 4485 75
1014 4436 1048 4509 et¹
1061 4433 1103 4487 80.

404 4514 555 4570 luvernu
573 4517 646 4586 apud
666 4516 767 4570 Melam
789 4516 829 4568 lll
850 4518 874 4579 6,
893 4517 917 4569 6.

574 4602 648 4671 apud
666 4601 788 4654 Iuvenul.
808 4601 844 4664 ll,
867 4601 915 4653 r60
936 4603 963 4653 in
983 4604 1075 4657 codice
1094 4606 1115 4657 P
1134 4603 1400 4672 (Montepessulano)
1420 4603 1547 4657 tradente

673 4705 755 4740 manu
775 4687 969 4740 emend-atriae.
1027 4687 1030 4691 ’

402 4766 550 4824 Iubernu
568 4773 641 4839 apud
661 4772 744 4826 schol.
766 4771 802 4826 ad
820 4771 985 4826 Iuvenalem.
