3472 5392
907 422 948 484 58

201 597 287 658 Eutr.
310 593 418 658 112503
444 592 544 674 lieils]
574 594 628 655 ulai
658 591 759 676 Lyciis
786 597 928 679 inopium
966 599 1076 680 lpbia‘s
1106 599 1156 661 vel
1189 597 1292 662 libias
1322 621 1362 673 ως
1400 598 1521 680 Libyae
1552 604 1666 664 autem

201 703 321 764 mentio
343 721 442 783 quana
466 702 547 763 bene
568 702 610 763 ad
643 702 785 767 tabulam
808 706 945 785 quadret
967 726 1066 787 quam
1095 706 1137 767 ilii
1161 706 1345 786 perstringit
1365 705 1564 770 Claudianus
1588 709 1668 771 satis

202 809 382 890 expositum
405 811 452 870 est
475 827 494 871 a
517 807 665 871 Gesnero.
761 847 763 852 ·

326 932 447 1009 Quodsi
468 936 516 995 tot
533 932 614 994 haec
635 933 753 995 falsarii
777 933 910 1013 vestigia
931 934 1081 1014 respicio,
1112 934 1201 997 haud
1222 935 1287 997 scio
1310 955 1352 997 an
1372 955 1493 1016 magna
1515 936 1575 998 tibi
1598 956 1669 999 mo-

202 1042 313 1101 veatur
335 1037 472 1119 suspicio
488 1038 528 1101 de
545 1038 740 1119 reliquarum
760 1059 843 1120 qnae
866 1040 944 1123 mihi
962 1041 1152 1104 tractandae
1167 1047 1241 1104 sunl
1261 1042 1434 1105 lectionum
1449 1043 1524 1118 fide,
1548 1063 1668 1123 quam-

171 1222 174 1227 ,
199 1164 299 1225 quam
323 1145 470 1207 meliores
491 1164 559 1207 esse
581 1144 760 1207 videantur.
1168 1130 1171 1135 ¹

323 1274 395 1338 Noa
416 1275 519 1338 malas
541 1275 674 1338 sortasse
695 1275 755 1338 has
777 1276 927 1339 lectiones
949 1277 1121 1339 iudicabis:

200 1381 287 1443 Eutr.
309 1381 320 1442 l
341 1382 381 1444 20
403 1380 525 1463 dicuin]
549 1382 601 1444 hic
621 1381 710 1444 locus
732 1383 777 1445 ita
797 1382 828 1445 in
851 1383 980 1463 reliquis
1001 1384 1156 1447 traditur:
1184 1384 1252 1464 Quo
1273 1383 1366 1447 dieas
1393 1383 1500 1464 iapala
1519 1383 1667 1462 placabi-

197 1507 267 1550 raas
297 1508 385 1551 aras.
429 1488 544 1551 iniuria
572 1488 604 1550 in
634 1488 683 1550 his
710 1488 847 1552 Paulum
877 1489 1024 1566 offendit,
1062 1490 1150 1571 quod
1179 1510 1255 1553 arae
1296 1490 1386 1553 dirae
1414 1493 1550 1552 vocatae
1581 1493 1666 1552 sunt.

200 1595 319 1676 quippe
341 1595 521 1675 significant
543 1615 616 1658 aras
639 1595 709 1658 dira
734 1595 961 1676 portendentes
984 1597 1033 1658 vel
1062 1597 1161 1660 iratas
1188 1597 1270 1660 sicut
1291 1597 1384 1678 Verg.
1405 1597 1486 1660 Aen.
1511 1596 1582 1658 VIII
1605 1596 1667 1659 349

200 1701 323 1783 relligio
347 1702 419 1765 dira
454 1702 529 1779 laci,
560 1701 670 1764 Cicero
691 1703 730 1764 de
753 1702 814 1765 dlv.
838 1703 865 1764 II
889 1703 926 1764 15
955 1709 1026 1766 eata
1056 1705 1125 1766 siae
1153 1704 1257 1782 capite
1286 1703 1401 1784 quibas
1430 1701 1511 1765 nibil
1537 1702 1669 1765 videbar

200 1829 266 1872 esse
296 1809 419 1887 dietae,
459 1813 491 1872 et
512 1829 585 1872 eam
614 1809 909 1890 interpretationem
931 1829 1041 1872 veram
1071 1829 1138 1872 esse
1168 1809 1285 1873 evincit
1306 1811 1454 1873 Lucanus
1484 1828 1560 1871 cum
1590 1808 1670 1871 dicit

200 1917 239 1979 III
265 1918 343 1980 404:
386 1921 526 1980 structae
555 1915 638 1978 diets
667 1915 827 1979 altaribus
856 1937 943 1980 arae.
998 1917 1083 1980 idem
1112 1917 1200 1998 quod
1228 1917 1346 1994 Paulo,
1376 1915 1538 1997 displicuit
1567 1915 1669 1978 ctiam

199 2023 329 2087 librario
351 2024 397 2100 X,
425 2043 525 2105 quare
546 2022 675 2102 ,divum'
697 2043 772 2085 aras
793 2023 906 2086 Intulit.
950 2024 1007 2086 sed
1028 2023 1156 2099 dubIto,
1184 2043 1264 2085 num
1286 2022 1450 2103 genetivus
1472 2023 1585 2086 divana
1606 2042 1672 2103 pro,

200 2131 345 2193 dicernat
362 2130 531 2193 Claudiani
554 2129 775 2192 consuetudim
795 2131 974 2207 conveniat,
998 2130 1052 2211 qui
1070 2151 1144 2193 cnm
1167 2130 1342 2210 genitivum
1363 2149 1515 2210 superam
1536 2129 1669 2210 saepius

199 2240 333 2319 poneret
354 2237 429 2300 Ruf.
450 2237 477 2299 Π
499 2237 570 2313 498,
592 2236 631 2298 Ill
652 2256 737 2300 cons.
761 2238 816 2313 aa,
839 2237 936 2318 Rapt.
960 2238 999 2299 Ill
1021 2218 1091 2314 200,
1113 2256 1293 2317 numquam
1315 2256 1522 2317 superarum,
1552 2239 1670 2299 contra

199 2343 338 2406 formam
359 2343 507 2406 elicorum
527 2343 679 2424 praetulit
700 2344 775 2406 Bell.
800 2343 879 2407 Gild.
905 2344 975 2406 215.

199 2468 275 2531 Bell.
295 2469 373 2531 Poll.
393 2470 454 2532 586
474 2467 591 2548 larisa]
615 2468 727 2548 optimi
749 2469 821 2530 libri
844 2468 966 2531 habent
983 2467 1134 2544 rescissa,
1156 2467 1280 2547 peiores
1303 2470 1416 2548 recisa,
1439 2468 1528 2549 quod
1551 2473 1670 2534 contra

199 2579 302 2638 artem
321 2576 488 2638 metricam
511 2579 632 2657 peccat.
675 2595 714 2638 ea
736 2575 776 2637 de
800 2594 897 2637 causa
920 2576 1054 2637 tortasse
1074 2575 1186 2652 ineisa,
1211 2575 1299 2656 quod
1316 2575 1358 2638 ad
1379 2595 1448 2637 rem
1470 2579 1586 2656 aptum
1609 2580 1669 2654 est,

199 2681 324 2762 scripsit
344 2682 382 2745 X.
426 2682 482 2744 sed
504 2686 589 2744 certe
612 2682 749 2745 rescissa
772 2700 973 2762 quamquam
1002 2699 1067 2743 non
1089 2681 1157 2743 sine
1178 2681 1328 2744 violentia
1352 2681 1546 2745 dictumest
1574 2681 1670 2763 (nam

199 2787 296 2850 facies
317 2788 524 2865 rescinditur,
553 2808 617 2869 quo
640 2788 738 2851 modo
769 2791 878 2851 autem
907 2788 1007 2867 gloria
1015 2787 1042 2868 t)
1073 2791 1183 2851 tamen
1211 2788 1315 2868 magis
1343 2788 1506 2869 poeticum
1538 2789 1670 2857 ridetur

90 2892 94 2897 ’
199 2899 231 2958 et
249 2900 420 2976 propterea
442 2895 619 2959 Claudiano
640 2916 713 2958 mco
736 2895 865 2976 quidem
887 2895 1004 2957 iudicio
1026 2893 1275 2957 attribuendum.

199 3021 283 3082 Laus
310 3021 376 3083 Ser.
406 3022 464 3084 193
494 3018 643 3100 rabulae]
678 3019 718 3081 de
749 3019 819 3082 loco
848 3018 929 3081 adeo
960 3018 1129 3098 desperato
1157 3019 1258 3082 verba
1286 3039 1352 3082 non
1379 3019 1471 3083 sacio.
1522 3023 1670 3102 germiae

199 3129 333 3191 uadunt
354 3150 388 3191 a.
900 3125 903 3130 ’

199 3253 272 3315 nur.
303 3253 314 3314 l
343 3253 402 3316 329
432 3249 629 3331 bimembres]
659 3250 809 3332 biformes
838 3273 871 3313 ω.
923 3250 1051 3314 tolerari
1080 3254 1186 3332 potest
1215 3254 1396 3332 utrumque.
1447 3252 1559 3333 itaque
1589 3255 1670 3334 quia

199 3361 389 3423 alterutrum
412 3359 639 3440 interpolatum
661 3359 701 3421 sit
722 3378 851 3422 necesse
874 3361 937 3435 est,
961 3358 1089 3439 culpam
1111 3359 1217 3421 tribuo
1239 3362 1348 3421 nostro
1370 3359 1408 3421 X.
1456 3435 1464 3441 ἱ

198 3468 285 3529 Eutr.
310 3467 336 3528 II
359 3468 416 3529 341
443 3468 649 3545 aavriparaae,
681 3466 713 3528 in
743 3486 807 3545 mg.
839 3464 1029 3546 areeipaacb']
1064 3465 1159 3546 igitur
1187 3465 1239 3528 hic
1267 3466 1365 3529 etiam
1386 3467 1416 3529 X
1439 3486 1513 3529 cum
1537 3490 1563 3525 ω
1591 3487 1671 3531 con·

199 3575 310 3651 sentIt,
339 3595 444 3655 neque
470 3574 530 3636 nisi
559 3573 714 3653 glossator
742 3572 867 3635 variam
896 3573 1064 3635 lectionem
1093 3572 1126 3634 in
1156 3572 1301 3653 margine
1330 3572 1479 3649 dederat,
1509 3572 1671 3659 nimirum

199 3681 331 3744 allectus
354 3701 391 3744 eo
414 3681 501 3761 quod
523 3680 684 3743 antecedit
707 3680 861 3743 saltabat.

197 3806 273 3868 Bell.
299 3805 376 3868 Poll.
400 3806 460 3868 IIS
496 3803 654 3885 Sardoas]
684 3803 861 3867 Sardeates
893 3826 925 3866 a.
977 3808 1151 3885 utrumque
1181 3803 1375 3868 adiectivum
1406 3805 1562 3886 exemplis
1592 3826 1672 3888 poe-

199 3916 306 3976 tarum
329 3911 526 3988 defenditur,
556 3931 633 3974 nam
655 3911 832 3975 Sardeates
855 3910 1028 3990 VergiliuS,
1059 3911 1199 3975 Sardoas
1221 3911 1354 3974 OvidIus
1377 3911 1511 4002 scripsit.
1556 3912 1674 4002 ltaque

200 4019 297 4081 etiam
318 4019 386 4095 hic,
410 4038 484 4081 cum
507 4019 697 4081 alterutrum
719 4016 947 4098 interpolatum
971 4039 1038 4082 esse
1063 4019 1174 4095 debet,
1194 4019 1403 4099 interpolasse
1425 4018 1497 4081 dico
1520 4018 1561 4081 X.

199 4145 240 4207 ib.
271 4145 332 4207 583
366 4144 492 4207 Aleuae
517 4143 619 4224 peritis
641 4141 827 4224 praelatas]
856 4143 1047 4221 praeclaras
1078 4165 1112 4206 a.
1162 4147 1312 4206 neutrum
1342 4142 1513 4206 defendere
1543 4145 1674 4221 audem

199 4255 372 4332 utrumque
395 4251 480 4314 enim
504 4254 617 4313 contra
645 4269 739 4312 usum
759 4250 910 4331 loquendi
933 4251 1066 4313 videtur.
1110 4251 1244 4313 fortasse
1273 4254 1382 4313 tamen
1409 4248 1611 4328 praeclaras
1632 4272 1676 4323 ex

200 4357 349 4437 analogia
372 4358 592 4439 scriptumest
611 4359 863 4422 clarissimarum
886 4360 918 4420 et
940 4358 1126 4434 illustratae,
1150 4357 1204 4438 qui
1223 4360 1298 4420 sunt
1316 4355 1399 4420 tituli
1414 4356 1673 4436 magistratuum

197 4464 418 4545 imperialium.
1470 4449 1472 4454 ⁵

198 4571 295 4652 Nupt.
318 4570 361 4652 ps.
386 4572 413 4633 7.
452 4571 496 4633 Aa
518 4569 631 4651 Satyri
654 4606 693 4613 —
716 4569 840 4651 uetaret]
865 4570 1018 4633 Centauri
1042 4568 1211 4649 Fauae‘aae
1232 4576 1348 4648 repant
1370 4591 1403 4630 ω.
1446 4568 1586 4634 fortasse
1608 4571 1671 4636 ele·

199 4696 279 4757 gans
299 4677 457 4757 particula
478 4682 527 4753 ab,
559 4681 669 4740 tamen
691 4677 928 4741 Centaurorum
958 4695 1078 4739 nomen
1101 4675 1275 4739 desiderari
1303 4695 1369 4738 non
1393 4693 1488 4755 posse
1518 4694 1559 4739 eo
1581 4677 1671 4743 evin-
1705 4750 1709 4757 .
