3480 5356
10 39 96 495 l
845 430 884 493 39

91 604 378 680 adscriberetur,
401 602 501 665 verba
518 600 571 663 illa
589 603 818 684 impedimento
835 605 972 681 suerunt,
997 605 1169 685 quominus
1188 605 1213 666 is
1232 605 1383 667 continuo
1403 605 1595 683 decurreret,

79 710 179 774 sed
221 709 416 791 interruptus
438 711 485 770 est
512 709 604 789 quasi
626 709 743 773 invitus
773 711 842 791 ipsa
865 710 905 773 de
926 710 1091 773 Avenione
1121 710 1337 773 adnotatione.
1382 730 1465 791 quae
1494 711 1596 774 adno-

73 815 215 880 tatio
232 814 420 896 possessoris
437 813 604 877 cuiusdam
619 815 734 896 prioris
749 837 817 879 esse
834 820 955 896 potest,
979 815 1242 897 quandoquidem
1259 815 1419 896 antiquior
1435 819 1482 879 est
1496 835 1595 897 quam

67 920 300 1002 catalogus
329 941 349 985 a
377 919 624 983 bibliothecario
650 920 771 996 illatus;
801 920 863 983 hoc
886 939 923 983 eo
939 920 1012 983 veri
1035 918 1176 996 similius
1207 920 1284 1000 quia
1302 920 1357 983 illa
1380 921 1477 983 etiam
1499 924 1596 984 antea

62 1026 255 1107 scripta
265 1046 331 1090 esse
345 1027 472 1089 videtur
487 1026 678 1107 quam‘illud
693 1026 808 1106 siglum
822 1027 867 1088 M
873 1031 893 1089 9
906 1025 993 1108 Sap,
1015 1046 1073 1107 per
1087 1026 1174 1106 quod
1191 1027 1292 1090 codex
1302 1027 1336 1089 in
1345 1028 1595 1091 Ambrosianum

62 1136 282 1212 receptus
302 1136 357 1195 est.
400 1131 487 1194 hunc
508 1135 616 1194 autem
635 1132 775 1212 priorem
794 1151 1010 1212 possessorem
1025 1151 1121 1212 porro
1135 1133 1298 1212 privatmn
1313 1133 1477 1220 hominem
1498 1134 1594 1196 fuisse

64 1236 210 1300 inde
231 1237 363 1303 fortasse
385 1237 574 1314 concludaS‚
605 1237 692 1318 quod
713 1238 861 1318 publicae
889 1238 1304 1319 bibliothecae‘praefectus
1333 1240 1386 1302 vix
1406 1239 1485 1303 talia
1506 1240 1594 1303 velut

66 1342 308 1408 vehendum
325 1346 508 1409 curavimus
536 1344 570 1406 in
591 1344 716 1406 codices
743 1345 900 1407 intulisset
927 1345 1057 1408 nomine
1083 1345 1171 1408 nullo
1200 1347 1310 1409 addito
1338 1344 1422 1427 (quis
1452 1348 1537 1410 enim
1559 1346 1592 1410 id

48 1506 53 1513 .
75 1448 311 1532 curavit‘l),
343 1451 400 1514 sed
423 1451 563 1531 quadrat
581 1449 644 1513 hoc
663 1451 767 1531 magis
793 1452 926 1514 fortasse
947 1451 979 1513 in
1000 1452 1257 1543 privatum,‚·qui
1278 1472 1397 1515 nomen
1419 1472 1513 1515 suum
1534 1454 1592 1516 tali

80 1551 129 1617 in
179 1575 225 1619 re
245 1561 330 1621 certe
351 1557 498 1620 omittere
517 1557 631 1638 potuit.

98 1670 101 1675 ’
255 1662 394 1727 Maximo
431 1682 527 1744 opere
557 1666 667 1726 autem
697 1663 789 1726 doleo
829 1663 908 1726 mihi
938 1663 978 1727 de
1006 1663 1137 1728 Cuiacio
1167 1683 1348 1745 possessore
1378 1665 1592 1745 suspicionem

10 1802 15 1837 ¹.
95 1768 279 1832 nondmn
300 1769 377 1833 satis
398 1770 561 1833 firmatam
584 1769 689 1847 fuisse,
711 1789 785 1832 cum
806 1790 865 1850 ego
890 1771 1033 1833 codicem
1055 1771 1248 1846 conferrem3
1277 1771 1368 1834 aliter
1389 1791 1501 1834 eorum
1521 1791 1592 1834 ver-

99 1869 250 1938 borum
270 1876 443 1957 imaginem
471 1877 710 1940 accuratissime
739 1877 930 1941 delineando
952 1878 1096 1941 imitatus
1124 1898 1235 1941 essem.
1278 1896 1364 1941 nunc
1386 1897 1452 1940 non
1472 1877 1593 1940 nisiex

104 1976 242 2045 vivida
262 1983 418 2046 memoria
439 1982 600 2046 affirmare
627 1983 707 2045 mihi
728 2003 821 2064 posse
848 1984 958 2047 videor
979 1985 1098 2066 scripta
1128 2005 1167 2047 ea
1188 2004 1256 2047 esse
1286 1984 1379 2047 simili
1408 1988 1493 2048 certe
1514 1984 1592 2047 cha·

21 2076 25 2081 ’
105 2088 266 2165 ractere,
289 2108 354 2170 quo
374 2108 490 2152 manus
510 2091 524 2152 l
544 2090 577 2151 in
599 2090 816 2169 isengriniano
839 2092 1014 2172 exemplari
1036 2111 1096 2155 usa
1117 2095 1173 2154 est.

258 2193 409 2258 Ceterum
437 2195 477 2257 de
507 2195 611 2272 libris,
645 2215 726 2276 quos
756 2196 1043 2260 iureconsultornm
1072 2201 1149 2260 tunc
1179 2196 1371 2283 clarissimus
1398 2197 1592 2278 possidebat,

24 2298 46 2361 .’
100 2303 249 2364 larum
271 2300 379 2364 adhuc
400 2304 540 2376 constat;
569 2321 647 2364 nam
668 2321 772 2383 neque
795 2304 881 2366 unde
903 2323 958 2366 eos
979 2304 1030 2366 ille
1051 2304 1211 2384 acceperit
1235 2322 1340 2384 neque
1362 2323 1426 2384 quo
1448 2304 1593 2368 venerint

10 2428 17 2519 t
82 2394 203 2467 'rost
225 2409 365 2470 mortem
385 2407 452 2469 eius
473 2407 549 2470 satis
568 2407 676 2470 adhuc
697 2407 884 2488 inquisitum
906 2414 962 2472 est.
1004 2409 1218 2473 bibliothecae
1239 2409 1306 2473 eius
1327 2408 1510 2489 catalogum
1529 2410 1592 2472 dis-

92 2497 228 2579 cipuli
258 2531 360 2575 manu
388 2515 556 2575 exaratum
580 2517 688 2576 extare
716 2513 816 2577 sertur
839 2514 872 2577 in
894 2515 1002 2578 codice
1027 2515 1173 2579 Parisino
1195 2516 1282 2596 regio
1306 2516 1388 2578 4552
1413 2513 1592 2596 (Spangen-

86 2597 218 2694 berg,
249 2638 282 2700 p.
309 2616 397 2698 176),
426 2618 482 2681 sed
511 2619 566 2699 qui
588 2618 654 2681 iam
675 2638 761 2682 anno
787 2621 866 2683 1573
894 2622 1091 2702 conscriptus
1113 2621 1169 2696 sit;
1202 2622 1327 2684 codices
1356 2622 1592 2702 manuscriptos

10 2770 12 2775 -
82 2722 268 2790 numero
289 2725 348 2788 185
364 2725 398 2787 in
420 2724 473 2787 illo
494 2729 640 2788 enotatos
661 2745 729 2788 esse
748 2726 917 2802 docemur3
940 2731 1052 2808 postea
1069 2748 1146 2791 vero
1168 2747 1279 2790 eorum
1299 2727 1592 2808 manuscriptorum
1684 2781 1685 2784 ,

80 2826 261 2900 copiam
290 2830 335 2893 ita
364 2829 540 2893 accrevisse
568 2835 604 2894 ut
633 2851 719 2895 anno
752 2833 832 2897 1590
864 2834 1029 2915 quingenti
1061 2838 1325 2898 enumerarentur
1356 2833 1387 2913 (l.
1419 2835 1438 2896 l.
1467 2854 1498 2914 p.
1529 2832 1591 2915 61).

80 2932 201 2996 post
232 2940 372 2999 mortem
400 2935 564 2999 clarissimi
586 2937 645 2999 viri
674 2938 729 3019 qui
748 2939 898 3019 Biturigis
922 2938 1088 3021 (Bourges)
1110 2936 1204 3017 obiit,
1234 2960 1318 3020 quae
1342 2941 1409 3003 eius
1436 2940 1592 3003 librorum

80 3017 192 3100 fata
221 3042 341 3106 fuerint
362 3042 460 3106 etiam
479 3042 586 3105 minus
608 3043 809 3124 exploratum
844 3065 912 3109 csse
933 3046 1075 3121 videtur,
1108 3046 1245 3109 traditur
1277 3050 1361 3109 certe
1382 3048 1445 3111 hoc
1465 3046 1592 3127 publice

10 3136 18 3191 ¹¹
83 3133 179 3200 Sub
218 3148 348 3211 hastam
369 3147 492 3211 venisse
515 3148 581 3210 eius
600 3148 829 3214 bibliothecam
853 3149 883 3231 (l.
906 3152 925 3214 l.
950 3172 981 3233 p.
1004 3153 1044 3215 5ss
1067 3156 1099 3215 et
1120 3151 1171 3234 60)
1202 3157 1234 3216 et
1252 3153 1304 3215 vili
1328 3153 1459 3235 quidem
1478 3153 1591 3234 preti0,

88 3238 233 3337 atqqe
253 3254 361 3336 ipsum
382 3253 549 3316 Cuiacium
576 3253 609 3317 in
631 3259 823 3321 testamento
846 3257 1075 3322 bibliothecam
1101 3260 1226 3323 iussisse
1247 3263 1476 3340 postmortem
1499 3279 1592 3323 suam

92 3355 318 3426 Vellditione
332 3361 478 3446 dissipari
493 3361 536 3447 (p.
550 3362 590 3429 62
599 3363 669 3447 sq),
694 3384 743 3442 ,ne
758 3369 826 3428 tota
841 3365 874 3427 in
889 3365 984 3428 unius
998 3386 1132 3430 manum
1155 3371 1252 3448 atque
1273 3367 1340 3429 eius
1361 3366 1523 3430 deveniret
1538 3366 1593 3447 qui

100 3447 225 3531 abUti
245 3473 353 3550 posset
374 3471 510 3535 doctis
530 3472 692 3553 margin
703 3472 866 3548 alibus’,
891 3472 999 3552 qualia
1015 3472 1047 3535 in
1063 3473 1152 3537 libris
1167 3475 1305 3537 scribere
1321 3474 1371 3536 ille
1389 3474 1499 3537 solitus
1514 3477 1592 3536 erat.

47 3646 51 3655 ,
256 3574 346 3639 Haec
373 3576 438 3640 fere
462 3579 501 3641 de
521 3578 643 3643 Cuiacii
663 3578 857 3641 bibliotheca
885 3598 925 3640 ex
946 3578 1209 3660 Spangenbergio
1222 3579 1254 3659 ¹).
1298 3579 1448 3643 Ceterum
1475 3580 1538 3642 hac
1560 3579 1593 3642 in

49 3666 54 3685 ²
106 3657 363 3747 deliberatione
390 3684 452 3748 hoc
475 3704 603 3766 quoque
625 3685 781 3748 memoria
802 3704 880 3748 sane
902 3685 1036 3764 dignum
1058 3688 1105 3747 est
1133 3688 1211 3747 tune
1234 3686 1339 3765 ipsum
1358 3688 1432 3766 post
1456 3689 1594 3748 mortem

10 3820 27 3861 a
107 3764 255 3853 Cuiaefi
275 3789 526 3854 Ambrosianum
554 3792 782 3855 bibliothecam
811 3810 879 3854 esse
905 3791 1077 3854 conditam.
1121 3791 1248 3872 quade
1275 3812 1310 3855 re
1336 3792 1459 3872 inspexi
1479 3791 1594 3855 Petri

13 3900 21 3935 <
102 3870 167 3944 ΡΒ·
185 3896 254 3959 uli
275 3897 461 3960 Boschae
482 3898 717 3962 bibliothecarii
740 3899 789 3976 ,de
812 3898 933 3978 origine
956 3901 989 3961 et
1009 3901 1095 3961 statu
1116 3898 1329 3961 bibliothecae
1349 3898 1593 3962 Ambrosianae'

10 4006 15 4054 ἶ
98 3974 268 4081 hhl‘111n,
298 4004 354 4084 qui
375 4004 458 4068 inest
478 4005 511 4068 in
540 4005 619 4069 tomi
641 4007 719 4068 noni
739 4009 831 4086 parte
852 4008 942 4069 sexta
966 4005 1131 4082 ,Thesauri
1160 4005 1388 4086 antiquitatum
1410 4010 1442 4069 ot
1468 4005 1595 4069 histori-

59 4138 66 4153 ·
95 4100 729 4192 al'lllnltaliae'lLugdBat1723).
773 4112 854 4175 haec
883 4117 973 4188 sunt,
1007 4132 1090 4193 quae
1119 4112 1152 4174 in
1174 4131 1212 4175 eo
1240 4112 1321 4175 libro
1349 4112 1524 4174 invenerim
1553 4111 1597 4176 ad
1652 4104 1656 4113 ’

37 4248 44 4257 .
99 4196 419 4237 χ-*ῇη

108 4329 114 4340 ,
151 4342 168 4355 “
253 4275 280 4342 l)
301 4273 522 4344 spangenbergii
540 4276 574 4330 de
594 4275 705 4330 Cuiaeio
724 4276 825 4329 librum
845 4279 1017 4345 quantopere
1035 4294 1089 4330 non
1110 4277 1229 4331 sufficiat
1248 4295 1308 4332 mea
1326 4276 1355 4330 in
1372 4278 1538 4346 quaestione
1554 4279 1596 4333 di·

90 4329 193 4407 ὼῦΙ.
229 4374 319 4428 nequa
342 4359 391 4413 ille
417 4360 451 4414 de
469 4360 593 4414 Claverio
619 4362 694 4415 illius
716 4362 917 4417 studiosissimo
941 4368 1076 4417 sectatore
1101 4363 1190 4417 ullum
1211 4365 1324 4418 verbum
1352 4367 1420 4419 facit
1446 4365 1498 4419 nisi
1523 4365 1596 4432 quod

91 4430 115 4482 p·
167 4438 235 4499 252
257 4444 442 4500 claudianeae
467 4445 596 4500 editionis
614 4447 802 4502 brevissimam
826 4449 992 4504 mentionem
1015 4449 1102 4503 inicit.
1147 4450 1251 4515 multa,
1274 4451 1376 4521 pusilla
1399 4451 1524 4519 quidem,
1550 4454 1596 4508 sed

33 4542 43 4559 ··
94 4516 211 4596 {kl-ip,
226 4533 256 4585 et
272 4547 328 4585 non
345 4529 498 4584 iniucunda
517 4531 552 4585 ad
571 4532 658 4586 vitam
671 4533 774 4588 Ouiaoii
794 4535 987 4588 illustrandam
1009 4552 1057 4602 per
1075 4535 1161 4588 Persii
1180 4538 1209 4590 et
1224 4536 1367 4590 Claudiani
1386 4538 1596 4593 commentarios

39 4604 42 4609 ¹
96 4585 258 4677 llssmersir
276 4615 434 4681 Cluverius,
460 4616 561 4684 quibus
580 4618 654 4672 vitae
673 4618 748 4673 illius
766 4619 883 4687 scriptor
901 4620 983 4674 hodie
1002 4621 1044 4674 uti
1061 4621 1177 4685 debeat,
1204 4622 1412 4691 composuitque
1437 4623 1507 4677 talia
1525 4624 1592 4677 Bur·

41 4740 44 4745 .
102 4688 245 4756 muarnus
261 4721 288 4773 p.
306 4700 374 4757 VIII
386 4719 444 4770 sqq.
451 4724 458 4768 3
484 4704 519 4757 cf.
541 4720 612 4770 quae
630 4704 688 4772 ipse
707 4707 855 4776 apportavi
875 4724 901 4774 p.
924 4706 955 4760 13
967 4723 1007 4774 sq.
