3480 5356
756 477 797 539 47

47 667 184 729 operum
207 647 375 710 Claudiani
403 648 531 712 addilae
553 655 615 727 esi,
646 652 678 714 id
701 654 789 733 quod
815 655 975 719 rarissime
1000 656 1069 719 fieri
1089 659 1168 721 solet
1196 680 1301 751 neque
1323 681 1382 742 pro
1411 664 1510 730 nihilo

46 755 97 816 est
121 754 368 816 aestimandum.
392 789 429 797 —

42 1011 159 1079 Iupfcm
207 1010 271 1064 libri
288 1012 342 1065 III

205 1096 269 1150 libri
302 1098 340 1150 II

41 1181 160 1250 Iupfem
205 1180 270 1234 libri
321 1182 342 1235 I

41 1345 152 1414 I’pfcm

204 1431 268 1485 libri
284 1432 336 1484 111

204 1517 270 1570 libri
288 1517 343 1571 ῙΠ
362 1517 435 1586 (Sissll
460 1535 495 1587 Iu
514 1535 667 1602 eutropium

77 2245 80 2248 ⁴
118 2240 211 2278 uersus
272 2224 373 2278 LXII

118 2376 209 2415 uersus
237 2361 373 2416 XXIIII

55 2476 59 2480 -
116 2450 213 2512 uersus}
259 2448 374 2503 XVIII

116 2547 208 2585 uersus
261 2532 373 2586 LVIII

116 2634 206 2672 uersus
292 2619 371 2672 VIII

115 2719 208 2758 uersus
267 2705 372 2758 XIIII

116 2804 209 2843 uersus
338 2791 369 2843 X

115 2889 208 2929 uersus
292 2876 370 2930 VIII

115 2976 208 3016 uersus
305 2962 369 3016 XX

320 3043 344 3069 or

116 3095 208 3136 uersus
297 3081 370 3134 IIII

115 3181 208 3220 casus
332 3168 371 3221 II

117 3265 210 3305 uersus
305 3244 369 3307 XX

118 3351 211 3391 uersus
316 3339 369 3393 CX

116 3469 208 3513 uersus
272 3460 371 3515 LIIII

114 3556 208 3599 uersus
274 3547 372 3600 XLII

113 3641 209 3685 uersus
349 3633 371 3686 O

111 3728 209 3771 uersus
257 3717 372 3773 XLIII

108 3813 208 3858 uersus
228 3802 286 3856 XL
294 3803 372 3857 VIII

106 3900 209 3944 uersus
228 3888 286 3942 XL
293 3890 372 3944 VIII

103 3985 208 4030 versus
308 3976 370 4029 XX

104 4106 209 4150 versus
296 4057 373 4149 IIII

102 4243 208 4288 uersus
297 4197 372 4289 rii]

10 4315 344 4352 N...—

444 1881 646 1950 .Pauapirieus
664 1880 697 1933 de
714 1885 798 1934 secta

453 758 557 818 totum
580 758 720 823 indicem
742 778 888 841 appono:

538 911 627 975 Haec
646 921 720 976 suut
742 935 837 997 opera
860 915 1025 979 claudiani

464 1015 577 1084 Raptus
592 1020 755 1087 proserpiue
830 1006 833 1012 ’

462 1101 497 1155 Iu
515 1103 634 1171 rufinum

462 1190 497 1242 Iu
513 1188 650 1257 pildouem

462 1275 505 1327 De
524 1275 592 1328 bello
608 1276 778 1344 polleuciaco

461 1361 505 1414 De
520 1363 742 1430 pipoutomaehia

461 1448 504 1500 De
523 1448 652 1502 laudibus
670 1449 804 1502 stilieouis

1120 1022 1238 1077 quenta
1258 1026 1344 1079 secuit

1120 1102 1226 1162 Phcbea
1245 1109 1364 1166 domitus

1018 1190 1020 1203 '
1119 1192 1257 1248 Redditus
1275 1197 1400 1265 imperiis

1120 1277 1190 1332 Post
1206 1281 1309 1337 resides
1327 1300 1415 1340 anuos

1123 1365 1206 1419 Terra
1219 1384 1323 1434 pareus
1475 1427 1478 1432 ,

1119 1449 1285 1506 Ooutiuucut
1301 1457 1396 1523 superi
1430 1452 1437 1473 ⁸

1118 1534 1266 1604 Semiferos
1282 1548 1383 1607 partus

461 1621 682 1689 Epithalamium
700 1621 811 1674 honorii
1119 1619 1251 1690 Priueeps
1269 1626 1398 1680 choruseo
1427 1618 1428 1621 ¹

461 1708 646 1776 Pauapiricus
663 1707 774 1761 hauorii
796 1706 830 1761 de
850 1708 930 1761 tertio
947 1708 1093 1762 causulatu
1121 1708 1214 1762 Tereia
1233 1713 1348 1766 romulei

462 1793 647 1863 Pauapiricus
667 1793 700 1846 de
718 1798 818 1862 quarto
889 1819 891 1823 Α
1118 1795 1263 1863 Auspiciis
1282 1799 1380 1851 iterum

1055 1898 1058 1909 ’
1118 1884 1212 1935 Aurea
1226 1883 1341 1950 sortuue

462 1968 648 2036 Panapiri'eus
667 1965 765 2019 manlii
783 1963 908 2019 theodori
1118 1968 1272 2023 Audebisue
1290 1986 1390 2038 precer
1421 2037 1422 2040 Ἰ

460 2052 684 2123 Epithalamium
698 2049 822 2120 palladii
840 2055 866 2103 et
882 2049 996 2104 celerius

463 2141 543 2194 Laus
561 2154 651 2193 sereue

462 2227 593 2295 Epistola
612 2223 649 2278 ad
667 2237 789 2278 screuam
809 2220 841 2274 de
862 2220 970 2289 nuptiis

1120 2053 1249 2109 Garmiua
1265 2072 1317 2125 per
1339 2057 1488 2111 thalamum

1118 2140 1174 2195 Die
1191 2157 1250 2194 mea
1269 2142 1385 2210 calliope

1120 2225 1227 2293 Orphea
1246 2241 1306 2279 cum
1323 2228 1443 2296 primum

1123 2357 1197 2427 Quid
1215 2375 1278 2413 rear
1296 2360 1403 2428 affatus

1124 2443 1155 2512 ρ’
1170 2460 1270 2513 precor
1287 2447 1358 2500 iuter
1374 2462 1426 2501 uos

463 2361 596 2432 Epistola
615 2359 652 2413 ad
671 2358 799 2414 olibrium

464 2447 595 2515 Epistola
615 2445 653 2500 ad
669 2443 816 2514 probinum

463 2534 613 2588 Excusat'o
628 2547 683 2600 pra
702 2547 729 2584 se
748 2529 786 2582 ad
800 2528 950 2582 stiliconem
1127 2527 1216 2597 Usque
1233 2529 1336 2585 adeone
1355 2537 1399 2585 tue

463 2619 593 2687 Epistola
612 2617 649 2671 ad
668 2615 815 2686 peuadium
833 2613 1006 2682 eupropsule'
1121 2615 1225 2671 Ithalie
1242 2631 1380 2670 commune
1398 2615 1478 2672 decus

462 2705 592 2774 Epistola
608 2704 646 2757 ad
660 2702 784 2757 iacobum
798 2701 959 2768 mapistrum
976 2698 1097 2767 equitum
1124 2699 1178 2753 Per
1196 2703 1298 2756 eiuercs
1316 2703 1398 2770 pauli

461 2794 496 2846 Iu
515 2791 647 2845 curetium
1122 2786 1249 2840 Fallaces
1266 2788 1354 2842 uitreo

461 2879 504 2932 De
523 2877 614 2932 eadem
632 2874 734 2930 curetio

462 2965 592 3033 Epistola
611 2962 649 3017 ad
667 2961 779 3015 aletium
799 2963 968 3028 quaestorem

1123 2870 1154 2925 st
1173 2878 1221 2925 tua
1240 2873 1327 2926 aureli

1122 2955 1167 3010 Sic
1185 2972 1240 3010 aaa
1259 2959 1398 3024 ethiopum

1121 3073 1151 3137 Q*
1172 3075 1222 3127 tibi
1240 3074 1413 3143 compedibus
1503 3114 1507 3120 -

1122 3161 1226 3215 Dulcia
1246 3160 1321 3213 douo

1124 3247 1155 3300 X
1170 3252 1206 3315 pe
1220 3253 1319 3314 potrus
1336 3263 1427 3300 rerum

1124 3331 1239 3408 Oeeeaui
1257 3347 1361 3385 summo

461 3084 496 3136 Iu
514 3082 648 3151 quendam
667 3079 715 3149 qui
733 3078 858 3132 earmina
879 3077 1011 3146 ¹culpabat

461 3169 508 3222 Ad
525 3169 676 3221 maximum

463 3255 542 3308 Laus
559 3253 707 3306 salvatoris

462 3343 505 3396 De
519 3340 634 3410 phenice

1124 3449 1253 3519 Quisquis
1268 3449 1388 3503 sollicita

1122 3535 1254 3588 Possedit
1272 3533 1374 3602 pla-cies

1122 3625 1142 3674 0
1160 3621 1225 3682 faus
1243 3620 1376 3673 autheuoe

1121 3705 1206 3760 Eeliu
1225 3707 1272 3774 qui
1286 3705 1404 3773 pharias

1121 3789 1274 3843 Audieram
1293 3787 1466 3843 memorande

1121 3877 1222 3945 Aspice
1242 3874 1373 3929 sudantes

1121 3962 1221 4030 Aspice
1240 3962 1390 4030 moriperas

462 3460 505 3513 De
523 3463 645 3526 mapuetc

463 3547 506 3599 De
524 3543 646 3598 cristallo

463 3633 578 3700 Aponus
596 3630 609 3683 l
625 3629 658 3682 de
678 3629 758 3696 aquis
773 3626 874 3695 putaui

462 3722 506 3776 Dc
524 3719 582 3774 uilo

463 3807 506 3860 De
523 3803 634 3858 histriae
698 3830 701 3834 Δ

463 3891 506 3944 De
524 3890 625 3944 statuis
643 3889 764 3950 fratrum
782 3883 931 3938 siculorum

464 3977 507 4030 De
525 3974 651 4028 mulabus
667 3973 749 4043 pallis

463 4096 507 4149 De
527 4109 597 4162 apro
615 4099 641 4148 et
658 4094 733 4147 leone
1125 4081 1230 4136 Tereus
1248 4095 1317 4148 aper

463 4233 507 4287 De
524 4231 625 4286 coucha
1124 4215 1288 4285 Transferat
1304 4216 1356 4269 huc

10 4382 141 4456 Μθῐι]
156 4419 239 4462 manu
257 4402 282 4472 I,
309 4407 399 4456 tamen
415 4402 532 4457 fortasse
551 4416 585 4456 ex
605 4400 660 4455 alio
680 4395 804 4464 exemplo
823 4392 867 4446 vel
886 4389 1027 4457 eliquanto
1045 4391 1107 4456 post
1124 4385 1228 4452 addita,
1254 4383 1282 4437 id
1303 4381 1374 4452 qnod
1394 4397 1426 4434 ex
1450 4380 1510 4448 ipsa

10 4472 123 4536 quam
152 4487 232 4541 modo
261 4487 324 4541 dedi
345 4487 470 4542 Andreae
499 4484 697 4554 subscriptione
723 4477 885 4536 concludere
914 4473 1016 4528 licebit.
1057 4474 1179 4526 celerum
1203 4467 1324 4534 nequid
1348 4466 1469 4520 omittam
1493 4480 1510 4517 a

15 4558 124 4621 manu
148 4571 175 4624 ΙΙ
193 4577 256 4641 post
274 4573 361 4627 Praei.
380 4574 408 4627 in
425 4573 464 4626 ΙΙΙ
483 4587 556 4627 cons.
574 4572 602 4626 in
621 4572 745 4640 margine
770 4568 906 4623 adiectum
926 4558 1018 4614 eride
1038 4558 1120 4610 tercio
1139 4556 1252 4619 mulam
1271 4554 1381 4606 boeotii
1400 4559 1427 4606 el
1445 4556 1508 4605 ante

541 4662 557 4692 T

24 4680 72 4742 W
108 4720 188 4763 cons.
205 4710 269 4765 item
287 4711 314 4765 in
332 4711 455 4779 margine
474 4709 507 4764 de
526 4663 601 4764 11⁰1]
615 4711 729 4773 psulatu
750 4706 869 4760 houorii.

211 4809 214 4819 ι

208 4830 212 4893 l
