3480 5356
734 432 939 510 .01’

20 656 23 661 -
93 639 210 683 00111011
243 620 408 702 proprium
438 622 596 702 Valentis,
629 625 685 689 ubi
718 650 742 688 ω
776 630 930 707 veleades,
955 629 1052 710 'quod
1082 631 1240 693 absonum
1275 635 1338 707 est;
1378 633 1493 696 deinde
1522 634 1555 698 in

93 727 234 789 carmine
264 728 309 791 De
338 729 496 793 salvatore
523 751 552 794 v.
584 733 622 796 19
651 733 780 814 tellure,
815 736 872 799 ubi
902 759 926 796 ω
953 743 982 800 10
1011 738 1078 800 lnce
1106 737 1193 818 quod
1222 757 1317 801 sensu
1346 743 1442 803 caret.
1501 741 1554 804 vix

94 833 189 894 credo
219 853 414 916 quemquam
447 836 496 900 his
526 839 651 904 duabus
681 841 870 906 lectionibus
898 842 1015 905 adduci
1042 862 1151 923 posse,
1188 848 1224 906 ut
1252 845 1386 908 nimiam
1416 847 1555 910 auctori·

94 943 194 1002 tatem
224 945 316 1003 nosto
338 943 367 1004 X
388 943 517 1007 tribuat.
560 949 657 1027 atque
686 949 885 1029 superstitio,
915 949 940 1011 si
970 969 1035 1030 qua
1062 950 1157 1013 fuerit
1184 951 1217 1013 in
1246 950 1308 1014 hoc
1337 952 1446 1015 codice
1472 954 1554 1017 iudi·

95 1047 207 1123 canda,
228 1047 293 1110 iam
310 1049 412 1112 fracta
425 1050 504 1113 mihi
521 1051 647 1116 videtur
664 1075 740 1118 esse.
778 1076 856 1119 narn
874 1056 900 1118 si
918 1059 966 1119 tot
984 1057 1070 1119 locos
1089 1076 1187 1137 supra
1203 1060 1357 1121 tractatos
1376 1079 1553 1139 percenses,

94 1152 133 1214 de
155 1154 271 1233 quibus
288 1156 382 1218 valde
401 1158 627 1237 dubitavimus
651 1161 742 1243 sique
762 1163 933 1226 nonnullas
952 1163 1065 1226 saltem
1087 1182 1199 1225 earum
1221 1164 1459 1230 dubitationum
1480 1187 1554 1248 pro·

93 1259 186 1336 basti,
210 1261 234 1322 si
257 1262 349 1325 addis
370 1263 456 1327 locos
479 1270 573 1330 antea
598 1269 799 1348 praemissos,
823 1270 879 1333 ubi
895 1273 1001 1333 certae
1017 1274 1267 1350 comparuerunt
1283 1271 1553 1353 interpolationes

93 1368 300 1430 statuendum
327 1371 387 1433 erit
408 1371 669 1454 interpolatorem
698 1377 792 1439 simul
820 1376 1040 1440 doctissimum
1069 1376 1163 1440 simul
1182 1377 1442 1442 audacissimum
1471 1380 1554 1444 inX

93 1475 262 1538 scribendo
276 1482 466 1556 grassatum
489 1500 565 1544 esse.

217 1607 337 1683 Quodsi
359 1611 521 1689 concedis,
552 1615 649 1677 etiam
680 1614 758 1678 illud
782 1615 927 1680 Valentis
949 1619 980 1681 et
1001 1616 1112 1701 tellure
1134 1616 1276 1680 eiusdem
1306 1616 1445 1680 hominis
1468 1617 1553 1681 docti

93 1715 295 1782 coniecturae
326 1721 433 1784 deberi
467 1725 610 1803 possunt.
660 1743 772 1786 omnes
802 1727 927 1801 autom,
964 1743 1046 1804 quas
1075 1723 1229 1800 vidimus
1268 1724 1469 1788 coniecturae
1499 1729 1556 1789 aut

93 1823 353 1906 interpolationes
375 1829 492 1891 codicis
509 1830 539 1892 X
560 1848 625 1893 non
648 1829 836 1911 antiquioris
858 1831 929 1893 aevi
951 1832 984 1893 ni
1006 1831 1098 1893 fallor
1119 1830 1258 1911 speciem
1279 1851 1357 1911 prae
1382 1851 1416 1894 se
1438 1831 1553 1910 ierunt,

92 1933 149 1994 sed
164 1935 255 2013 quasi
267 1936 407 2016 ,scriptus
424 1937 464 1999 sit
478 1937 718 2000 renascentibus
732 1937 846 2000 litteris‘
859 1941 890 2000 et
905 1937 1113 2001 reviviscente
1129 1937 1283 2001 doctrina.
1317 1937 1426 2019 itaque
1441 1939 1553 2002 Clave-

91 2041 157 2103 rius
186 2041 318 2104 fortasse
339 2042 483 2106 bonitate
504 2043 678 2106 lectionum
707 2044 740 2106 in
761 2063 836 2106 eum
866 2063 1007 2107 errorem
1026 2045 1180 2126 pellectus
1202 2048 1265 2121 est,
1296 2048 1331 2107 ut
1360 2046 1502 2109 codicem
1523 2046 1553 2108 X

92 2148 201 2210 codice
222 2149 254 2210 M
276 2150 482 2213 vetustiorem
504 2170 572 2213 esse
594 2153 732 2231 putaret.

214 2272 398 2336 Sedunum
420 2274 589 2337 lectionem
611 2275 753 2356 seposui,
777 2275 817 2338 de
837 2294 902 2356 qua
922 2234 1056 2340 fortasse
1077 2276 1217 2339 incertus
1239 2277 1296 2354 sis,
1322 2276 1400 2358 quid
1422 2275 1550 2339 iudices

88 2380 189 2442 Laud.
214 2381 279 2444 Ser.
303 2383 342 2444 87
366 2382 467 2444 codex
487 2383 514 2444 V
536 2403 611 2445 cum
631 2383 656 2446 Ε
679 2387 711 2447 01
733 2381 803 2444 aliis
824 2382 869 2445 sic
887 2382 1028 2463 scripsit:

215 2505 331 2581 ,Ubera
344 2506 448 2586 prima
466 2507 589 2570 dabant
601 2507 729 2587 gremiis
746 2506 963 2569 redolentibus
985 2505 1094 2569 aurae’
1111 2509 1222 2586 aperte
1241 2504 1330 2582 falso,
1353 2525 1431 2568 nam
1450 2525 1552 2568 curae

88 2630 147 2690 pro
170 2611 292 2674 deabus
321 2613 433 2676 haberi
463 2634 529 2676 non
555 2618 713 2695 poterant.
758 2614 867 2694 itaque
896 2613 1113 2693 gratissimrun
1135 2612 1261 2675 videtur
1289 2611 1467 2692 essequod
1493 2631 1551 2674 au·

88 2737 198 2779 rarum
228 2719 297 2781 loco
320 2719 349 2781 X
369 2721 504 2800 praebet
524 2720 641 2784 Horae.
684 2740 762 2784 nam
792 2723 850 2783 aut
867 2719 1037 2801 Nymphae
1067 2723 1123 2782 aut
1145 2719 1253 2782 Horae
1283 2739 1350 2781 esse
1379 2718 1551 2796 dehebant,

89 2844 173 2903 quae
205 2825 358 2888 Serenam
386 2828 553 2891 nutrirent.
604 2829 713 2909 itaque
743 2827 853 2891 Horae
881 2827 947 2889 sive
976 2827 1059 2889 bene
1089 2826 1245 2888 traditum
1275 2844 1343 2888 esse
1371 2825 1457 2887 dices
1485 2825 1551 2887 sive

87 2929 209 2994 bonam
233 2933 450 2997 coniecturam
472 2938 504 2997 et
525 2935 659 2999 fortasse
682 2936 749 2999 iure
771 2928 1002 3016 acquieverunt
1023 2933 1059 2996 in
1079 2952 1116 2995 eo
1138 2932 1197 2994 viri
1218 2932 1312 2994 docti.
1356 2934 1465 2994 tamen
1487 2951 1552 2994 non

87 3039 409 3120 praetermittendum
430 3046 477 3103 cst
505 3041 537 3103 in
558 3042 584 3104 P
606 3043 654 3118 M,
685 3042 739 3123 qui
762 3041 865 3129 codici
882 3042 911 3103 V
930 3040 1007 3104 satis
1028 3039 1141 3103 affines
1169 3043 1259 3116 sunt,
1289 3039 1334 3102 ita
1362 3038 1468 3119 potius
1490 3038 1552 3118 legi

85 3147 205 3226 prenrio
236 3146 450 3210 redolentibus
481 3150 598 3212 ululatu.
651 3149 683 3211 in
715 3168 780 3229 qua
820 3148 978 3229 scriptura
1011 3147 1087 3228 quia
1124 3146 1244 3227 prcurio
1277 3148 1309 3208 ct
1338 3143 1551 3209 redolentibus

87 3272 222 3314 numero
243 3253 434 3334 discrepant,
456 3255 563 3334 potius
584 3255 742 3320 redolente
762 3259 1015 3336 exspectaveras.
1059 3254 1123 3316 iam
1146 3272 1222 3315 vero
1245 3252 1346 3314 codex
1360 3252 1389 3314 A
1405 3251 1459 3332 qui
1475 3270 1552 3314 sane

87 3359 222 3420 recentis
244 3360 358 3422 aetatis
373 3364 428 3437 est,
450 3361 506 3423 sed
525 3362 694 3424 nonnullas
711 3362 884 3443 exquisitas
897 3360 1048 3424 lectiones
1068 3359 1208 3423 servavit
1231 3358 1276 3421 ita
1297 3359 1411 3421 tradit:
1431 3359 1551 3438 prendo

86 3465 245 3529 redolente
272 3487 373 3546 nopes
402 3465 458 3548 (sic
468 3466 498 3545 1).
550 3468 783 3551 elegantissime
810 3468 960 3531 Heinsius
988 3467 1141 3530 intellexit
1170 3465 1245 3529 olim
1272 3465 1428 3546 scriptum
1455 3465 1550 3528 fuisse

86 3591 226 3650 noprum
257 3572 318 3635 hoc
347 3573 432 3636 enlm
461 3593 579 3637 nomen
602 3594 715 3638 verum
741 3580 773 3639 et
801 3575 963 3656 poeticum
982 3573 1207 3656 Nympharum
1237 3576 1293 3636 est.
1337 3572 1401 3635 iam
1421 3573 1549 3635 veroA

87 3679 162 3759 quia
184 3683 333 3742 truncum
345 3680 435 3742 verbi
455 3681 562 3759 tradit,
585 3681 641 3762 qui
663 3701 704 3744 ne
724 3701 852 3745 versum
875 3682 1005 3764 quidem
1027 3681 1142 3762 explet,
1165 3683 1250 3743 certe
1273 3679 1358 3742 lianc
1380 3680 1548 3743 lectionem

86 3805 151 3848 non
173 3786 239 3866 ipse
261 3787 379 3849 invenit
405 3787 470 3851 sive
488 3789 701 3870 interpolavit.
745 3789 820 3852 hinc
842 3789 986 3870 sequitur
1001 3792 1038 3850 ut
1053 3788 1086 3850 in
1105 3786 1277 3849 vetustiore
1293 3787 1401 3849 codice
1416 3787 1480 3850 iam
1497 3808 1550 3850 ex-

85 3893 184 3955 titisse
214 3893 359 3956 diramus
386 3896 506 3975 0100110
528 3895 685 3959 redolente
707 3895 847 3976 Napeae.
891 3896 998 3977 itaque
1029 3913 1102 3956 cum
1125 3893 1212 3974 optio
1242 3893 1335 3956 detur
1363 3894 1445 3957 inter
1466 3893 1496 3956 X
1518 3898 1549 3957 et

86 3999 167 4062 inter
189 4001 306 4062 codicis
328 4002 357 4063 Α
381 4002 607 4083 archetypum,
631 4003 717 4067 hunc
739 4003 830 4085 sequi
851 4003 972 4079 malim,
996 4002 1116 4083 quippe
1138 4000 1227 4062 cuius
1248 3999 1341 4063 lectio
1363 4000 1549 4080 exquisitior

86 4126 153 4169 esse
184 4109 331 4171 videatur
361 4128 499 4190 cumque
527 4109 619 4173 facile
649 4111 794 4174 accidere
821 4109 978 4192 potuerit,
1006 4112 1042 4172 ut
1063 4109 1110 4184 X,
1141 4108 1167 4170 si
1196 4111 1271 4171 aute
1300 4106 1408 4170 oculos
1435 4107 1549 4170 habuit

81 4215 213 4296 prcrrn‘is
234 4216 448 4280 redolentibus
469 4238 586 4295 arnor,
611 4218 687 4281 illud
708 4218 818 4290 1101110
837 4238 896 4299 per
918 4216 1142 4296 coniecturam
1158 4215 1311 4278 reficeret.

207 4347 317 4410 Habes
339 4347 434 4428 igitur
456 4348 525 4425 hic,
548 4369 631 4430 quae
653 4350 693 4413 de
714 4349 815 4413 altero
838 4348 974 4413 Cluverii
996 4347 1106 4411 codice
1128 4346 1272 4409 conferre
1292 4345 1391 4427 potui.

207 4478 314 4560 Atque
342 4478 408 4542 iam
440 4480 482 4543 ad
512 4480 630 4545 calcem
666 4481 814 4544 curriculi
844 4479 944 4543 nostri
973 4478 1187 4560 pervenimus,
1244 4477 1328 4540 duae
1361 4481 1471 4540 autem
1497 4497 1548 4539 res

83 4586 174 4661 sunt,
205 4605 285 4665 quas
311 4606 377 4648 non
407 4586 474 4649 sine
497 4587 731 4669 approbatione
757 4588 926 4651 doctorum
948 4585 1091 4648 virorum
1118 4578 1313 4665 praestitisse
1342 4582 1546 4664 speraverim.

83 4690 221 4770 prinuun
250 4693 334 4754 enim
357 4693 435 4774 (quid
462 4693 587 4757 insuerit
610 4695 642 4757 in
665 4696 774 4759 codice
806 4693 928 4774 optimo
952 4691 1158 4766 Cluveriano,
1187 4710 1285 4771 quam
1309 4689 1547 4753 accuratissime
