3472 5392
946 414 968 482 l

283 594 310 660 Π
332 597 409 662 358:
431 594 592 678 Impexos]
614 599 695 661 haec
717 617 795 661 sane
815 602 877 661 vet.
899 597 1066 680 scriptura,
1091 618 1190 680 quam
1210 599 1327 663 reicere
1349 617 1414 662 non
1436 599 1544 681 potui.

272 705 312 768 Ill
337 705 412 768 105:
436 705 472 767 ln
495 704 604 767 adnot.
627 705 692 768 suis
713 704 891 769 Claverius:
915 705 955 768 Et
976 703 1042 785 me]
1064 704 1109 767 sic
1128 705 1161 767 in
1182 709 1244 768 vet.
1265 704 1355 770 libro.

436 810 607 874 InMiscell.
620 830 689 892 cap.
701 810 774 874 XV:
796 813 888 874 vetus
904 811 1004 874 codex
1018 810 1148 874 habuit:
1172 811 1205 874 Si
1220 814 1255 874 tu
1271 814 1349 875 nota
1361 812 1466 889 Cerae,
1488 831 1563 876 non
1575 817 1691 876 sancta.

337 919 412 981 140:
434 915 662 998 Absconderit]
686 918 730 980 sic
751 918 784 980 in
805 921 867 981 vet.
889 917 1049 981 libro
1075 917 1271 995 ‘ascenderit’
1293 918 1380 999 quod
1402 918 1506 982 estin
1531 919 1648 984 altero.

331 1024 408 1088 214:
431 1021 676 1104 Amendaverit]
706 1023 751 1087 sic
780 1023 813 1087 in
841 1026 903 1087 vet.
933 1023 1059 1101 codice,
1090 1023 1232 1087 sednon
1253 1018 1392 1088 melioris
1412 1027 1530 1103 notae,
1563 1028 1692 1090 namin

495 1131 595 1194 altero
618 1131 863 1208 absentaverit.

334 1238 393 1302 347
403 1259 410 1300 :
432 1235 555 1318 Zancli]
578 1236 623 1300 sic
645 1237 678 1299 in
699 1236 919 1317 manuscripto
942 1240 974 1300 et
995 1235 1127 1313 excusis,
1150 1236 1184 1299 in
1206 1236 1306 1301 altero
1330 1236 1423 1315 ‘Coei'
1446 1257 1515 1302 non
1539 1242 1640 1306 male.

354 1345 435 1407 Tam
464 1364 539 1407 raro
567 1343 629 1407 hoc
657 1343 690 1407 in
718 1344 860 1406 carmine
891 1344 971 1406 duos
999 1341 1121 1406 indicat
1150 1343 1275 1406 codices
1304 1343 1415 1406 editor.
1469 1364 1583 1428 neque
1614 1349 1690 1413 enirn

230 1451 294 1514 ullo
315 1451 413 1514 modo
434 1450 564 1513 credere
585 1469 726 1530 possum,
750 1469 824 1513 cum
847 1449 1142 1513 abbreviationibus
1164 1449 1312 1530 qualibus
1335 1457 1443 1514 contra
1464 1472 1494 1514 o.
1512 1474 1539 1515 c.
1564 1459 1626 1518 aut
1643 1461 1690 1519 oct.

231 1558 296 1621 cod.
325 1557 480 1620 similibus
509 1558 619 1619 utatur
643 1556 824 1633 ClaveriuS‚
854 1556 887 1618 id
916 1556 958 1620 ad
988 1575 1160 1619 numerum
1180 1556 1337 1637 pluralem
1360 1560 1516 1638 spectare.
1571 1579 1653 1624 nam
1671 1562 1690 1624 si

233 1664 359 1728 duobus
380 1663 440 1726 illis
462 1682 543 1743 quos
563 1681 661 1742 supra
684 1661 821 1724 diximus
841 1662 1068 1744 manuscriptis
1083 1661 1264 1726 Cuiacianis
1285 1662 1454 1726 lectionem
1470 1683 1569 1728 suam
1586 1667 1690 1732 fulcire

232 1771 309 1847 vult,
337 1770 377 1833 de
397 1769 519 1831 duobos
541 1766 697 1831 veteribus
720 1768 879 1832 codicibus
897 1768 1046 1850 loquitur.

353 1876 493 1938 lncertos
514 1876 623 1937 autem
644 1874 778 1938 fortasse
798 1874 921 1939 habeas
944 1876 1030 1938 locos
1051 1875 1126 1938 hos:

286 1983 299 2044 l
323 1981 398 2044 188:
419 1979 578 2061 Aetneae]
608 1981 652 2044 sic
682 1981 812 2045 omnino
837 1982 1009 2063 legendum
1031 2001 1071 2045 ex
1091 1984 1235 2044 veterum
1258 1981 1447 2045 auctoritate
1469 1986 1502 2045 et
1524 1985 1690 2067 scriptura

499 2085 656 2168 (veterum
680 2107 723 2151 sc.
747 2088 1063 2170 manuscriptorum?
1103 2108 1176 2151 mea
1199 2087 1329 2169 quidem
1351 2088 1509 2151 sententia
1532 2090 1690 2156 editorum

495 2193 546 2257 vel
567 2192 766 2274 editionum.)

321 2301 396 2364 156:
420 2297 597 2380 Detrectat]
619 2300 700 2363 haec
721 2299 839 2364 veritas
859 2318 1020 2363 manuscr.

357 2406 507 2488 Sequitur
528 2411 566 2471 ut
587 2405 769 2487 catalogum
789 2405 906 2470 faciam
934 2406 1077 2469 locorum
1104 2404 1137 2467 in
1159 2404 1275 2486 quibus
1297 2404 1393 2484 plane
1415 2423 1517 2466 unum
1551 2410 1692 2473 tantum·

236 2513 333 2576 modo
353 2513 495 2577 codicem
518 2513 681 2577 Cluverius
703 2513 836 2577 excitat:

291 2618 844 2700 lffiffimfflmmum.

358 2726 395 2789 4:
422 2723 597 2806 Congesta]
618 2726 704 2789 hanc
725 2725 893 2789 lectionem
915 2728 1006 2789 vetus
1027 2726 1199 2807 exemplar.

342 2832 396 2895 16:
419 2830 526 2913 Lenis]
549 2831 594 2896 ita
615 2837 677 2896 vet.
701 2852 727 2896 c.
1409 2905 1412 2910 ,

341 2940 396 3002 19:
418 2937 554 3019 Firmat]
572 2988 684 3002 .......
701 2942 736 3002 at
750 2937 886 3003 Statius:
908 2938 1030 3003 Firmat
1102 2937 1188 3001 unde
1202 2941 1294 3002 vetus
1313 2939 1406 3004 lectio
1424 2940 1522 3005 etiam
1537 2943 1692 3010 firmatrr.

242 3026 253 3044 ’
338 3045 378 3108 27
389 3066 396 3107 :
419 3043 535 3126 Ferox]
558 3045 612 3108 alii
632 3050 745 3110 contra
765 3050 828 3110 vet.
850 3046 1042 3127 scripturam
1065 3044 1160 3123 ‘ferot

340 3151 380 3213 87
390 3173 397 3214 :
419 3148 534 3231 Flexit]
557 3151 619 3215 hoc
640 3171 706 3215 non
726 3152 874 3234 improbo
896 3156 931 3216 at
951 3157 1043 3216 vetus
1063 3152 1144 3216 liber
1164 3153 1265 3231 ‘ulsitt

340 3258 395 3320 35:
417 3256 537 3338 Mariti]
561 3257 652 3322 aliter
673 3257 789 3323 habuit
809 3261 901 3322 vetus
919 3258 999 3322 liber
1019 3279 1136 3341 nempe
1156 3261 1333 3343 ‘nudasque
1354 3261 1488 3324 marite'.

340 3364 397 3427 68:
420 3363 531 3445 Ortus]
552 3368 644 3428 vetus
664 3364 767 3443 lectio,
788 3385 853 3428 non
876 3367 993 3443 ‘artust

339 3471 396 3532 90:
418 3468 494 3551 Fas]
517 3470 562 3533 sic
583 3471 616 3534 in
638 3491 667 3534 v.
688 3472 756 3536 cod.
780 3471 859 3536 alias
882 3472 959 3550 ciust

321 3576 396 3639 116:
418 3576 585 3659 Fulgidus]
608 3577 652 3641 sic
671 3598 702 3642 v.
722 3577 811 3656 liber,
833 3597 899 3642 non
922 3578 1073 3657 lucidus&

322 3681 396 3745 119:
416 3681 563 3764 Diverso]
585 3683 619 3747 in
641 3685 802 3749 diversum
824 3685 869 3749 ita
891 3688 983 3748 vetus
1004 3685 1093 3748 liber.

323 3788 398 3851 140:
422 3789 543 3871 Sicula]
567 3794 629 3854 vet.
651 3792 752 3856 codex
772 3791 817 3855 ita
838 3791 987 3873 praefert.

323 3894 398 3958 148:
421 3895 576 3978 Despicit]
598 3897 641 3960 ibi
662 3897 800 3980 ‘respuit’
817 3899 878 3961 illic
895 3898 1040 3978 ‘respicit’
1058 3897 1116 3961 sed
1131 3898 1215 3961 male
1231 3899 1371 3980 reperias
1387 3900 1483 3981 idque
1498 3905 1612 3964 contra
1630 3923 1659 3966 v.
1672 3922 1695 3965 c.

324 4002 400 4066 150:
421 4003 603 4084 Dedignata
624 4003 741 4085 teneri]
764 4008 901 4087 utraque
923 4005 1020 4069 dictio
1040 4004 1146 4068 variat
1166 4004 1199 4068 in
1222 4005 1356 4086 antiquo
1377 4006 1467 4070 libro.

324 4109 399 4171 185:
422 4109 536 4191 Spiris]
559 4111 604 4174 ita
626 4130 655 4174 v.
676 4110 765 4175 liber.

324 4216 399 4278 188:
422 4215 588 4298 Condunt]
610 4217 655 4280 sic
676 4237 706 4280 v.
727 4217 816 4280 liber.

321 4321 399 4385 all:
421 4320 545 4404 Nudat]
567 4322 612 4386 sic
634 4323 667 4386 in
688 4327 750 4387 vet.
774 4324 891 4388 codice.

322 4427 400 4490 285:
426 4427 642 4510 inaccessum]
665 4434 795 4512 recepta
818 4430 911 4494 lectio
933 4434 964 4494 et
985 4449 1082 4512 quem
1103 4434 1165 4494 vet.
1185 4430 1266 4492 liber
1286 4427 1461 4509 adgnoscit.

321 4533 382 4597 237
392 4554 399 4596 :
421 4533 580 4616 Firmata]
602 4535 704 4599 multo
725 4534 850 4617 plenior
871 4557 909 4601 ac
931 4537 1036 4600 verior
1056 4537 1138 4600 haec
1160 4539 1208 4599 est
1230 4535 1322 4599 lectio
1343 4536 1444 4597 vetus.

320 4639 400 4703 241:
421 4639 581 4722 Flumine]
603 4642 648 4704 sic
669 4661 699 4704 v.
723 4643 791 4706 cod.
